2600 4198
271 187 380 239 260
1121 185 1594 231 ADNOTATIONES.
1613 193 1616 196 ’

420 328 506 387 54,
533 329 615 375 17.
671 325 745 386 Cf.
778 326 1010 374 Immisch
1041 324 1178 373 Stud.
1209 325 1348 386 Lips.
1382 326 1528 374 VIII
1543 343 1597 388 p.
1621 329 1733 376 317
1746 342 1815 388 sq.
1848 329 2061 378 suadens
2090 331 2448 391 improbabilia.

424 409 510 468 54,
535 410 619 456 21.
676 408 719 456 si
749 408 792 455 is
826 406 902 455 del
943 407 1086 455 etiam
1115 407 1390 455 Mommsen
1422 404 1665 456 ‘Staatsr.'
1699 409 1772 456 II
1797 403 1853 457 1³
1874 425 1928 470 p.
1965 412 2034 458 69
2073 411 2222 470 (idem
2252 413 2452 474 utrique

277 504 386 537 cum
407 490 562 538 Laeto
595 493 637 537 et
674 483 1027 552 pont<ific>em
1059 502 1169 536 eum
1191 485 1308 548 Auy
1337 488 1468 548 corr)
1478 506 1494 536 .·
1533 491 1618 538 etsi
1654 505 1752 538 non
1790 491 1934 549 facile
1965 492 2147 541 dixeris
2176 494 2305 542 unde
2336 496 2379 543 si
2408 495 2452 544 is

273 572 467 619 illatum
496 572 583 626 sit:
614 586 681 618 an
711 572 810 630 fuit
840 571 882 617 si
913 570 955 617 is
989 562 1070 635 (Ξ,
1101 562 1189 635 iis)
1222 565 1567 633 (imponitur)
1599 563 1723 637 (scil.
1756 566 1956 638 munus)
1976 574 2000 620 ‚9

425 652 510 712 55,
538 653 620 699 10.
678 646 789 715 [ab]
822 666 934 698 aere
969 650 1100 712 quod
1134 651 1385 712 stipendia
1415 652 1637 700 facerent
1667 653 1977 714 Krumbieqel
1999 670 2051 714 p.
2089 655 2159 703 55
2191 656 2321 712 adn„
2352 657 2452 715 for-

275 736 401 781 tasse
430 736 562 781 recte.

422 815 506 875 55,
536 817 616 864 12.
677 809 948 878 libra<le>s
972 814 1095 862 Mue
1140 815 1282 870 olim;
1326 819 1376 862 at
1419 817 1476 875 cf.
1518 815 1585 863 ad
1613 817 1743 864 Fest.
1774 832 1829 876 p.
1863 818 1949 873 98,
1985 820 2013 863 1
2047 821 2091 865 et
2121 817 2330 866 XLIV:
2369 819 2455 867 ubi
2494 853 2498 857 -

275 896 511 944 valebant
532 912 628 957 pro
661 898 803 944 erant
835 897 1070 944 Heidrieh
1099 894 1235 944 Stud.
1272 897 1472 945 Vindob.
1499 897 1607 944 XV
1633 896 1701 957 (a.
1738 897 1904 957 1893)
1928 913 1980 958 p.
2014 899 2136 948 307.

425 979 510 1039 55,
531 980 612 1026 14.
665 979 821 1027 Verba
845 980 971 1039 stips
997 1015 1007 1024 .
1034 1016 1043 1024 .
1072 1015 1081 1025 .
1108 993 1284 1041 graeco
1302 978 1448 1026 verbo
1474 979 1535 1025 ab
1560 979 1656 1026 alio
1679 980 1905 1027 videntur
1928 979 2456 1040 additaA.5peiiqelio.·

272 1062 371 1108 nisi
411 1062 482 1108 sic
523 1061 821 1108 adnectenda
866 1074 975 1108 cum
1009 1054 1093 1118 Sp.
1128 1062 1407 1120 coeperunt,
1439 1055 1606 1123 (nisi)
1639 1062 1787 1122 stips:
1829 1077 2123 1121 quamquam
2161 1064 2212 1110 in
2255 1064 2352 1110 nisi
2384 1089 2454 1096 —

276 1142 484 1189 fortasse
514 1143 779 1190 haeremus.

424 1233 507 1291 55,
536 1234 618 1278 17.
664 1230 738 1290 Cf.
771 1231 1047 1277 Mommsen
1079 1230 1214 1288 apud
1246 1231 1523 1278 Brunsium
1553 1230 1694 1278 Font.
1727 1233 1821 1279 iur.
1855 1232 1926 1278 II
1942 1246 1997 1291 p.
2033 1233 2113 1279 57.

425 1314 509 1373 56,
537 1315 580 1359 2.
622 1328 749 1374 quae
782 1327 880 1358 non
914 1310 1167 1358 accederet
1198 1311 1262 1358 ad
1293 1314 1475 1358 sortem
1511 1311 1682 1360 Oanal.

425 1395 508 1454 56,
537 1396 581 1441 5.
622 1394 697 1441 Ne
728 1394 921 1441 mireris
955 1391 1016 1438 ab
1050 1407 1161 1439 aere
1195 1394 1442 1439 aerarium
1481 1394 1557 1441 hic
1595 1394 1735 1449 addi,
1766 1408 1865 1442 non
1887 1392 1922 1456 ἕ
1950 1396 2070 1451 182,
2104 1397 2326 1455 conferas
2358 1399 2454 1443 test.

423 1485 490 1531 57
498 1520 508 1544 ,
538 1486 562 1530 1
576 1486 620 1530 1.
659 1482 901 1529 tui-delicte
935 1481 1083 1540 (quod
1114 1482 1253 1529 iuoeta
1275 1481 1489 1530 turdulis
1515 1485 1786 1531 coniectura
1809 1485 2079 1531 restitutum
2109 1485 2278 1531 retinet
2302 1483 2457 1533 Stein-

273 1565 373 1613 thal
400 1557 456 1612 Ι2
478 1581 531 1625 p.
559 1563 717 1624 3449
749 1578 848 1610 non
882 1566 994 1611 ausi
1025 1578 1194 1611 suanus
1224 1577 1489 1611 removere:
1518 1580 1635 1611 nam
1666 1566 1792 1624 quod
1813 1568 1929 1624 post
1955 1564 2234 1625 Scioppium
2264 1566 2459 1627 vulyari

273 1648 390 1695 solet
418 1640 710 1712 turdel(l)is‚
742 1659 963 1692 veremur
994 1648 1048 1692 ut
1077 1648 1147 1693 sie
1176 1647 1299 1705 ferri
1321 1646 1489 1704 possit.
1534 1645 1669 1693 Certe
1689 1647 1908 1706 pluralis
1938 1662 2037 1694 non
2066 1649 2231 1695 minus
2262 1648 2461 1708 offendit

267 1732 381 1790 post
409 1728 569 1789 turdo,
612 1728 837 1775 turdario
870 1742 1017 1786 quam
1060 1729 1113 1774 in
1157 1729 1268 1774 ante
1297 1726 1522 1774 turdario
1554 1729 1805 1786 repetitum
1837 1727 2009 1788 (neque
2052 1729 2178 1775 enim
2218 1724 2270 1775 in
2312 1728 2459 1776 turdo

277 1812 534 1870 quicquam
575 1813 806 1863 mutatur.
850 1809 935 1857 scd
977 1824 1006 1855 a
1038 1808 1185 1856 turdo
1216 1811 1469 1856 mutantur
1498 1809 1711 1869 reliqua:
1752 1811 1918 1857 omnia
1960 1811 2110 1869 iqitur
2142 1811 2307 1857 eadem
2337 1811 2459 1858 serie

277 1894 577 1939 continentur
609 1893 687 1939 cui
720 1892 1037 1951 praemisisse
1067 1890 1211 1937 semel
1251 1891 1306 1936 in
1335 1892 1457 1938 satis
1498 1891 1607 1949 fuit,
1650 1906 1758 1938 cum
1801 1906 1863 1938 ne
1894 1894 1943 1938 et
1985 1892 2177 1952 quidem
2208 1893 2459 1951 repetitum

278 1974 451 2022 habeat
481 1988 571 2032 quo
604 1971 993 2031 commendetur).
1047 1971 1354 2032 Quamquam
1385 1971 1614 2033 turdeliX,
1657 1971 1912 2020 turdelicis
1943 1973 2070 2021 vocis
2100 1987 2344 2033 nusquam
2374 1987 2460 2021 nec

275 2056 386 2103 vola
415 2070 501 2103 nec
530 2057 799 2115 vcstiqium.

426 2146 511 2205 57,
540 2146 620 2193 14.
679 2144 837 2191 Verba
869 2143 977 2191 solu
1011 2143 1169 2191 solum
1201 2144 1319 2204 quin
1351 2147 1579 2202 corrupta
1609 2144 1707 2190 sint
1743 2156 1881 2190 nemo
1914 2142 2172 2190 dubitabit:
2214 2144 2460 2202 sequentia

279 2227 324 2274 si
354 2227 651 2286 respicimus,
685 2226 940 2284 probabile
970 2226 1193 2272 videatur
1225 2227 1369 2273 etiam
1399 2226 1453 2271 in
1482 2226 1558 2273 liis
1591 2228 1634 2273 et
1654 2226 1875 2284 priscam
1905 2225 2117 2282 formam
2149 2226 2192 2271 et
2220 2224 2461 2272 noviciam

278 2310 557 2356 coniunctas
588 2322 712 2355 esse:
749 2308 879 2354 unde
911 2320 967 2353 ea
1000 2322 1147 2366 quam
1179 2307 1454 2354 dubitanter
1484 2307 1703 2354 dedimus
1737 2307 2008 2354 coniectura
2038 2307 2159 2353 nata
2192 2308 2260 2352 est
2296 2297 2459 2370 (holus

278 2392 328 2437 et
358 2389 531 2437 helusa
563 2389 759 2451 antiqui
791 2387 1022 2436 dicebant
1056 2387 1186 2449 quod
1218 2403 1348 2435 nunc
1379 2388 1521 2436 holus
1555 2390 1605 2436 et
1634 2388 1806 2435 holera
1837 2387 1966 2436 Fest.
1991 2387 2140 2434 Pauli
2162 2402 2215 2446 p.
2246 2389 2366 2441 100,
2389 2380 2459 2451 1).

282 2470 419 2531 Quod
440 2473 675 2531 proponit
705 2469 767 2518 ab
800 2469 928 2518 solui
960 2469 1135 2517 solitus
1170 2485 1278 2518 sum
1313 2468 1486 2526 Canai,
1518 2483 1616 2517 non
1645 2470 1785 2516 habet
1815 2482 1907 2528 quo
1939 2468 2302 2516 commendetur.

427 2561 510 2621 58,
541 2563 586 2608 6.
634 2560 847 2608 Lacuna
883 2560 1116 2618 quomodo
1150 2559 1384 2619 eaeplenda
1414 2561 1638 2607 videatur
1669 2561 1910 2618 exponunt
1938 2558 2259 2606 Reitzenstein
2290 2558 2319 2604 l.
2351 2572 2390 2605 s.
2421 2571 2460 2605 s.

268 2658 320 2702 p.
356 2644 429 2690 32
460 2643 574 2690 adn.
620 2635 700 2706 (de
731 2642 879 2689 lunae
909 2641 1218 2700 siderumque
1248 2644 1377 2688 motu
1409 2643 1651 2700 noctisque
1694 2643 1900 2699 tempore
1930 2643 2042 2686 ante
2070 2638 2216 2687 solem
2247 2640 2463 2699 diemque

280 2725 537 2772 dicendum
573 2725 728 2783 fuisse
760 2726 802 2771 et
831 2723 997 2770 Iovem
1029 2722 1101 2769 ccl
1131 2723 1426 2782 Diespitrem
1457 2727 1567 2771 ante
1599 2722 1745 2770 verba
1778 2721 1839 2769 ab
1879 2722 1971 2769 hoc
2002 2720 2091 2769 deo
2123 2734 2460 2769 commemora·

276 2809 379 2852 tum
420 2806 574 2864 fuisse
614 2819 825 2861 sumens,
869 2818 1165 2865 quamquam
1206 2818 1304 2851 non
1338 2819 1547 2864 prorsus
1578 2805 1802 2863 sufficere
1831 2804 2214 2863 supplementum
2244 2803 2462 2851 Reitzen-

275 2888 439 2934 steinii
471 2890 675 2947 apparet
707 2901 762 2934 ex
791 2901 835 2933 v.
872 2889 902 2933 4
937 2889 980 2933 et
1009 2887 1096 2942 22,
1120 2887 1170 2941 2,
1201 2886 1331 2933 umdc
1363 2887 1568 2946 exigitur
1598 2886 1767 2933 saltem
1799 2884 1860 2933 ab
1894 2885 2006 2932 ortu
2039 2883 2197 2932 Solis
2230 2883 2292 2931 ad
2325 2898 2460 2931 oeca-

280 2983 403 3024 smn,
435 2983 526 3027 quo
557 2971 801 3029 referatur
833 2967 894 3014 ab
926 2967 1019 3014 hoc
1051 2960 1167 3032 deo)
1193 2970 1237 3013 et
1250 2968 1644 3028 Krieqshammcr
1666 2982 1719 3026 p.
1741 2967 1811 3014 92
1834 2965 1890 3023 (a
1912 2964 2056 3012 Festo
2079 2964 2228 3012 Pauli
2251 2980 2303 3024 p.
2323 2967 2459 3021 74‚7

278 3050 544 3110 profectus)
555 3067 571 3097 .·
601 3046 764 3113 <alter
788 3049 950 3107 lunae,
977 3047 1108 3109 quod
1131 3050 1359 3096 movetur
1382 3049 1500 3095 luna
1524 3050 1783 3108 totumque
1807 3046 2012 3107 caelum,
2036 3061 2155 3107 nox,
2179 3046 2305 3094 alter
2328 3047 2460 3106 solis,

283 3131 414 3192 quod
445 3133 672 3179 movetur
703 3131 776 3178 sol
808 3132 1067 3191 totumque
1100 3129 1306 3190 caelum,
1338 3129 1476 3177 dium
1508 3129 1569 3177 ab
1602 3129 1718 3177 Iove
1748 3130 1952 3189 rectore,
1985 3144 2131 3189 quem
2164 3126 2340 3176 Gracci
2364 3127 2462 3176 Δία

285 3213 558 3275 appellant,
590 3228 704 3261 cum
736 3211 798 3259 ab
831 3213 943 3259 ortu
977 3209 1039 3258 ad
1070 3205 1401 3275 oc>casu<m>
1434 3226 1470 3258 e.
1495 3226 1536 3270 q.
1561 3226 1598 3258 s.

431 3302 515 3362 58,
542 3302 571 3348 6
590 3315 688 3361 sqq.
722 3297 779 3362 (ἕ
805 3299 975 3359 4-7)
1009 3313 1107 3348 esse
1140 3304 1359 3360 excerpta
1390 3315 1446 3348 ea:
1479 3301 1717 3348 Varronis
1748 3300 1805 3347 de
1837 3299 2206 3359 antiquitatibus
2234 3299 2463 3346 humanis

278 3384 418 3431 libris
449 3397 709 3431 consensus
740 3383 822 3442 qui
854 3383 980 3429 inter
1008 3382 1124 3430 haec
1157 3384 1199 3428 et
1225 3381 1545 3430 Censorinum
1567 3383 1655 3442 24,
1682 3383 1716 3429 3
1730 3395 1798 3441 sq.
1830 3381 2078 3429 intercedit
2096 3395 2257 3440 paene
2283 3382 2464 3428 eertum

278 3464 438 3513 reddit
446 3482 464 3524 ‚·
495 3466 554 3524 cf.
581 3466 709 3513 inter
732 3464 856 3511 alios
878 3463 1035 3511 Hahn
1066 3463 1125 3511 de
1151 3462 1406 3512 Censorini
1437 3465 1554 3524 font.
1577 3479 1631 3523 p.
1658 3464 1731 3511 40
1743 3476 1869 3523 sqq„-
1899 3462 2026 3522 quod
2054 3462 2289 3510 monitum
2313 3460 2464 3509 volui-

285 3561 395 3595 mus
414 3549 616 3607 propter
644 3545 1072 3595 Reitzensteiniuan
1093 3560 1147 3605 p.
1181 3546 1255 3593 32
1269 3559 1367 3606 sqq.

429 3637 514 3696 58,
542 3637 588 3684 9.
650 3635 778 3684 Vera
807 3636 853 3683 si
884 3637 953 3683 est
994 3636 1266 3683 coniectura
1300 3633 1502 3682 Canalis
1532 3659 1607 3666 —
1637 3635 1681 3681 et
1719 3632 1910 3681 videtur
1940 3646 2039 3679 esse
2069 3645 2185 3679 vera
2216 3656 2306 3687 ——‚
2333 3630 2460 3679 inter

275 3730 329 3764 se
357 3731 456 3765 non
486 3718 776 3766 conveniunt
803 3717 951 3764 verba
981 3715 1030 3762 in
1058 3731 1157 3777 quo
1187 3716 1339 3763 horae
1362 3716 1416 3763 in
1439 3715 1541 3764 sole
1565 3713 1957 3776 inspiciebantur
1980 3715 2024 3760 et
2046 3712 2176 3774 quod
2203 3711 2458 3760 Cornelius

277 3798 331 3844 in
380 3797 587 3846 basilica
625 3797 843 3846 Aemilia
885 3799 936 3845 et
973 3795 1153 3846 Fulvia
1193 3796 1522 3845 inumbravit:
1562 3810 1680 3844 nam
1721 3795 2023 3844 inumbravit
2061 3794 2358 3853 horoloyium
2403 3805 2460 3842 em
