2600 4198
115 827 136 862 5

92 1289 134 1320 10

97 1735 137 1766 15

1058 171 1440 217 FRAGMENTA
2228 172 2300 226 22
2305 172 2334 224 7

795 365 1376 421 DISCIPLINARVM
1414 366 1638 420 LIBER
1675 366 1702 420 Ι

936 493 1036 545 DE
1078 491 1563 546 GRAMMATIOA

158 621 344 675 ²¹⁶*107
387 620 479 693 (91
526 616 722 691 [234]).
800 638 886 672 ars
938 619 1288 689 grammatica
1334 638 1469 688 quae
1517 638 1547 671 a
1594 620 1749 673 nobis
1795 621 2101 673 litteratura
2148 621 2342 675 dicitur

427 710 650 763 scientia
700 711 781 761 est
820 708 1076 778 (eorum)
1116 726 1250 777 quae
1302 728 1333 761 a
1380 709 1555 777 poetis
1605 709 1878 762 historicis
1931 711 2340 780 oratoribusque

427 799 677 853 dicuntur
716 817 779 850 ex
827 799 976 866 parte
1022 797 1238 849 maiore.
1317 798 1430 850 eius
1478 799 1766 867 praecipua
1805 799 1983 851 officia
2023 803 2149 852 sunt
2195 804 2345 868 quat-

425 892 549 940 tuor
584 930 592 939 .
628 930 637 939 .
673 908 705 939 .:
747 886 978 939 scribere
1016 885 1192 956 legere
1231 886 1543 956 intellegere
1583 887 1825 955 probare.

159 990 346 1045 sssslos
388 990 483 1062 (92
525 988 722 1062 [235]).
801 989 974 1043 audiri
1025 990 1327 1042 absentium
1367 990 1530 1043 verba
1568 1009 1678 1043 non
1727 994 1991 1060 poterant.
2070 1010 2197 1062 ergo
2248 993 2342 1046 illa

426 1080 564 1132 ratio
615 1079 823 1149 peperit
872 1078 1080 1131 litteras
1131 1079 1333 1131 notatis
1384 1080 1633 1133 omnibus
1675 1081 1782 1133 oris
1831 1100 1893 1134 ac
1942 1081 2158 1151 linguae
2198 1083 2343 1135 sonis

427 1173 589 1239 atque
629 1168 886 1221 discretis.
963 1167 1103 1220 nihil
1142 1171 1320 1220 autem
1370 1169 1563 1221 horum
1601 1169 1774 1222 facere
1814 1173 2039 1239 poterat,
2080 1171 2125 1222 si
2165 1171 2343 1223 multi—

426 1259 555 1311 tudo
596 1276 773 1310 rerum
816 1258 929 1309 sine
970 1258 1202 1325 quodam
1243 1258 1416 1311 defixo
1459 1258 1687 1311 termino
1735 1259 1944 1311 infinite
1983 1262 2166 1327 patere
2205 1260 2346 1311 vide—

426 1351 586 1400 retur.
654 1365 782 1418 ergo
815 1347 1021 1399 utilitas
1055 1347 1366 1399 numerandi
1400 1365 1595 1417 magna
1624 1349 1943 1401 necessitate
1976 1349 2344 1401 animadversa

428 1441 521 1490 est.
601 1437 797 1505 quibus
838 1436 1046 1488 duobus
1084 1436 1308 1504 repertis
1348 1440 1475 1488 nata
1515 1440 1595 1490 est
1636 1438 1730 1489 illa
1768 1437 2110 1490 librariorum
2150 1440 2203 1490 et
2242 1438 2345 1491 cal—

430 1527 682 1580 culonum
723 1526 984 1594 professio
1017 1524 1166 1577 velut
1205 1525 1462 1594 quaedam
1503 1528 1884 1597 grammaticae
1924 1527 2152 1579 infantia
2184 1546 2343 1596 quam

428 1616 601 1669 Varro
634 1614 1019 1668 litterationem
1051 1618 1221 1667 vocat.
1258 1659 1266 1666 .
1294 1658 1303 1667 .
1332 1658 1340 1667 .
1382 1619 1596 1684 poterat
1629 1617 1734 1668 iam
1766 1616 2003 1685 perfecta
2036 1634 2149 1668 esse
2174 1634 2348 1686 gram-

432 1706 642 1773 matica,
676 1705 766 1756 sed
800 1705 925 1773 quia
957 1705 1074 1772 ipso
1107 1705 1324 1756 nomine
1355 1705 1596 1773 profiteri
1630 1723 1685 1757 se
1716 1706 1924 1757 litteras
1959 1704 2167 1773 clamat,
2206 1706 2347 1758 unde

431 1796 591 1847 etiam
640 1794 804 1846 latine
854 1794 1159 1846 litteratura
1215 1793 1424 1862 dicitur,
1479 1794 1681 1847 factum
1730 1799 1811 1848 est
1857 1798 1918 1847 ut
1965 1794 2220 1863 quicquid
2272 1795 2347 1846 di-

431 1903 595 1954 gnum
651 1883 909 1935 memoria
962 1883 1158 1935 litteris
1212 1884 1555 1936 mandaretur
1610 1883 1676 1934 ad
1724 1902 1838 1935 eam
1886 1885 2184 1936 necessario
2231 1903 2346 1953 per-

429 1975 637 2025 tineret.

162 2077 349 2130 *ssloe
393 2076 487 2148 (93
531 2075 728 2147 [236]).
806 2077 935 2129 artis
999 2076 1378 2147 grammaticae
1434 2077 1613 2130 officia
1654 2120 1662 2128 .
1699 2120 1708 2128 .
1743 2120 1750 2127 .
1794 2080 2041 2129 constant
2101 2077 2345 2144 partibus

313 2265 338 2304 3
377 2261 476 2306 GL.
505 2262 578 2305 VI
601 2263 688 2314 4,4
723 2263 791 2317 (ut
823 2260 1020 2304 Varroni
1060 2261 1217 2317 placet
1249 2274 1322 2304 ars
1359 2296 1365 2303 .
1395 2296 1402 2303 .
1431 2295 1440 2304 .
1475 2263 1697 2316 quattuor
1729 2263 1781 2304 ut
1819 2261 1910 2316 ipsi
1950 2260 2106 2317 placet
2146 2260 2346 2305 scribere

168 2356 175 2364 .
204 2355 213 2364 .
242 2356 250 2363 .
275 2320 490 2377 probare)
501 2337 517 2374 ,·
548 2320 606 2374 cf.
632 2320 774 2364 Dion.
808 2322 911 2364 Thr.
940 2324 1029 2375 5,2
1056 2321 1152 2365 Uhl.
1189 2319 1499 2377 (γραμματική
1532 2320 1654 2363 ἐστιν
1688 2319 1902 2376 ἐμπειρία
1933 2327 2024 2364 τῶν
2056 2320 2185 2375 παρὰ
2217 2335 2349 2377 ποιη-

164 2387 266 2431 ταῖς
295 2396 343 2423 vs
375 2380 454 2423 καὶ
487 2386 830 2436 συγγραφεῦσιν
863 2381 923 2430 ὡς
954 2380 1031 2424 ἐπὶ
1062 2378 1114 2424 τὸ
1146 2381 1263 2424 πολὺ
1296 2378 1598 2437 λεγομένων),
1634 2380 1734 2424 GL.
1762 2382 1918 2435 1426,
1938 2384 2019 2434 13;
2052 2382 2135 2424 IV
2151 2384 2350 2434 486,15;

176 2441 219 2485 V
245 2443 349 2494 547,
376 2444 421 2493 7;
462 2440 535 2484 VI
559 2442 663 2493 188,
689 2443 714 2482 1
749 2461 803 2476 ==
840 2441 937 2484 VII
968 2443 1071 2493 321,
1098 2444 1151 2493 6,·
1201 2441 1304 2484 VII
1325 2442 1439 2493 214,
1465 2443 1549 2493 19,·
1598 2441 1742 2485 Mart.
1795 2441 1904 2496 Cap.
1952 2441 2046 2484 III
2083 2443 2191 2493 230,
2229 2441 2289 2484 al.
2338 2442 2353 2496 ΙΙ

170 2505 191 2542 7
212 2500 459 2557 Augustin.
486 2500 539 2542 de
564 2499 659 2543 ord.
678 2499 743 2542 II
760 2502 833 2553 12,
851 2502 910 2542 35
935 2498 1071 2555 (illud
1096 2499 1221 2555 quod
1246 2498 1295 2541 in
1320 2499 1455 2542 nobis
1481 2500 1553 2542 est
1575 2499 1821 2554 rationale,
1846 2499 1897 2541 id
1921 2501 1992 2542 est
2017 2499 2142 2554 quod
2165 2499 2350 2542 ratione

166 2559 317 2603 utitur
341 2561 387 2602 et
410 2557 712 2601 rationabilia
735 2557 807 2602 vel
832 2558 947 2602 facit
970 2558 1043 2603 vel
1069 2558 1291 2614 sequitur,
1316 2558 1428 2615 quia
1451 2558 1658 2602 naturali
1682 2559 1886 2615 quodam
1909 2558 2094 2602 vinculo
2120 2558 2168 2600 in
2193 2572 2351 2602 eorum

168 2618 389 2662 societate
422 2617 782 2674 astringebatur,
815 2632 920 2661 cum
952 2617 1121 2674 quibus
1152 2617 1226 2661 illi
1258 2620 1359 2662 erat
1388 2618 1509 2661 ratio
1540 2618 1645 2674 ipsa
1677 2617 1935 2662 communis
1969 2652 1979 2662 .
2014 2654 2021 2661 .
2058 2652 2067 2661 .
2102 2618 2220 2661 vidit
2251 2631 2352 2662 esse

168 2677 451 2734 imponenda
493 2677 632 2721 rebus
671 2676 900 2720 vocabula
934 2711 942 2720 .
979 2712 987 2720 .
1024 2713 1032 2721 .
1066 2677 1148 2721 sed
1191 2677 1345 2720 audiri
1380 2713 1388 2721 .
1424 2713 1432 2721 .
1469 2714 1476 2721 .
1510 2679 1666 2721 vocat:
1711 2691 1875 2734 graece
1920 2680 2077 2721 autem
2117 2677 2351 2732 quomodo

169 2736 434 2793 appelletur
463 2750 556 2780 non
587 2737 635 2779 in
667 2736 934 2792 praesentia
964 2737 1132 2781 recolo.
1167 2772 1175 2780 .
1211 2772 1220 2780 .
1256 2771 1265 2780 .
1297 2736 1479 2781 litteras
1516 2772 1523 2780 .
1552 2773 1560 2781 .
1590 2773 1598 2780 .
1630 2737 1903 2781 nominavit.
1952 2737 2121 2780 deinde
2146 2736 2352 2792 syllabas

168 2797 367 2852 notavit,
399 2796 570 2840 deinde
600 2796 742 2840 verba
786 2796 835 2839 in
867 2797 970 2840 octo
1015 2810 1187 2854 genera
1229 2797 1495 2852 formasque
1540 2797 1726 2853 digesta
1759 2798 1867 2840 sunt
1900 2831 1908 2839 .
1945 2832 1952 2839 .
1990 2832 1997 2839 .
2032 2798 2218 2852 poterat
2251 2830 2260 2839 .
2296 2831 2304 2839 .
2341 2831 2349 2838 .

168 2856 467 2913 pertineret);
500 2857 556 2910 cf.
590 2856 705 2900 Isid.
739 2857 774 2900 I
799 2859 840 2910 3,
859 2860 884 2899 1
918 2856 1193 2912 (primordia
1224 2856 1559 2912 grammaticae
1592 2856 1705 2900 artis
1738 2856 1924 2899 litterae
1958 2869 2224 2899 communes
2258 2855 2353 2898 exi-

171 2918 314 2970 stunt,
347 2929 463 2971 quas
495 2914 677 2958 librarii
710 2917 758 2958 et
790 2915 1096 2959 calculatores
1141 2918 1379 2960 secuntur:
1421 2929 1617 2971 quorum
1661 2916 1915 2972 disciplina
1945 2915 2074 2959 velut
2118 2915 2350 2970 quaedam

171 2976 506 3033 grammaticae
539 2975 653 3018 artis
693 2974 895 3018 infantia
928 2977 1018 3019 est:
1059 2976 1182 3018 unde
1216 2977 1263 3019 et
1296 2989 1399 3018 eam
1431 2976 1577 3020 Varro
1609 2975 1947 3019 litterationem
1979 2976 2145 3032 vocat).
2180 2976 2216 3018 I
2240 2978 2281 3029 5,
2301 2979 2355 3029 1,-

175 3035 328 3092 Quint.
347 3036 412 3079 II
429 3039 470 3089 1,
488 3039 540 3089 4;
577 3034 676 3079 GL.
704 3035 860 3090 V547,
880 3038 908 3078 7
940 3037 1011 3092 (gr
1014 3035 1267 3079 ammatica
1300 3070 1308 3077 .
1338 3070 1345 3078 .
1416 3049 1558 3091 quam
1583 3034 1827 3079 Terentius
1861 3035 1946 3092 [et]
1972 3034 2119 3077 Varro
2151 3034 2352 3090 primum

171 3096 223 3138 ut
256 3095 409 3138 adhuc
440 3095 605 3138 rudem
637 3094 925 3150 appellatam
957 3108 1057 3138 esse
1090 3094 1207 3138 dicit
1237 3071 1553 3138 litteraturam
1588 3094 1944 3152 [litterationem
1971 3094 2172 3151 Wilm]);
2206 3095 2350 3137 Mart

174 3155 284 3212 Gap.
303 3155 397 3198 III
412 3156 506 3197 229
531 3153 838 3210 (γραμματικὴ
873 3153 1002 3198 dicor
1032 3154 1082 3197 in
1107 3153 1302 3197 Graecia
1335 3188 1344 3198 .
1373 3189 1381 3196 .
1410 3189 1418 3198 .
1452 3154 1570 3197 mihi
1602 3153 1825 3198 Romulus
1857 3153 2154 3197 litteraturae
2186 3166 2353 3196 nomen

174 3213 404 3316 311ῗέξέΞῂ
451 3211 1458 3327 ἶωῗῖἶίηἱώῃὲῗῃᾞωῗῖοὲέῗὶῗὲἷζοῃὲῗ
1483 3212 2354 3330 }⁰‡}3{¹}1¹335¹⁶¹}1333...3233²51332}

172 3288 888 3388 fisterassorygsff‘gppeflagfflpeb
918 3332 1228 3389 grammatica
1258 3332 1570 3388 litteratura),
1601 3288 1866 3391 Auwsmg
1883 3333 1937 3377 de
1967 3345 2078 3376 mus
2111 3333 2205 3375 III
2230 3335 2315 3385 1,1
2341 3333 2357 3387 ll

177 3395 230 3435 19
266 3391 366 3436 GL.
399 3393 435 3435 I
459 3394 562 3446 426,
578 3395 636 3435 21
671 3392 1024 3447 (grammaticae
1056 3391 1226 3447 officia,
1267 3392 1322 3435 ut
1353 3391 1530 3435 adserit
1560 3391 1720 3446 Varro,
1760 3393 2017 3436 constant.
2098 3425 2107 3434 .
2142 3392 2211 3433 est
2243 3389 2354 3433 arti-

174 3449 340 3495 ficialis
386 3450 713 3507 interpretatio
761 3450 834 3494 vel
879 3451 1009 3495 varia
1042 3485 1051 3495 .
1085 3486 1094 3495 .
1130 3485 1139 3495 .
1173 3451 1444 3507 explanatio
1482 3451 1556 3495 vel
1602 3427 1851 3506 exquisitio
1899 3463 1983 3506 per
2028 3463 2169 3505 quam
2215 3448 2355 3491 unius

175 3510 398 3566 cuiusque
429 3509 498 3554 rei
530 3509 808 3566 qualitatem
837 3510 1034 3567 poeticis
1066 3510 1285 3567 glossulis
1318 3510 1612 3555 exsolvimus.
1660 3509 1924 3554 emendatio
1957 3511 2028 3553 est
2052 3523 2145 3563 qua
2169 3506 2358 3564 singula

174 3571 315 3626 prout
351 3568 456 3626 ipsa
485 3582 558 3613 res
597 3568 808 3626 postulat
839 3569 1084 3627 dirigimus
1118 3569 1421 3614 aestimantes
1453 3569 1773 3614 universorum
1813 3568 2091 3624 scriptorum
2124 3567 2354 3610 diversam

323 3747 351 3785 4
396 3742 532 3798 suppl
562 3740 668 3786 Seal
713 3742 727 3797 ΙΙ
774 3744 829 3783 19
874 3739 988 3783 artis
1032 3740 1366 3797 grammaticae
1397 3740 1466 3784 vel
1506 3738 1843 3796 grammaticae
1887 3740 2012 3794 (item
2046 3753 2093 3795 p.
2125 3741 2236 3794 228,
2258 3741 2307 3794 8)
2346 3738 2350 3796 Ι

177 3799 333 3844 officia
366 3834 375 3844 .
411 3835 420 3844 .
455 3835 463 3843 .
498 3801 716 3844 constant
744 3800 812 3845 vel
843 3798 1048 3843 officium
1080 3801 1264 3843 constat
1290 3802 1297 3856 Ι
1331 3799 1546 3855 partibus
1577 3800 1644 3843 vel
1674 3798 1725 3842 in
1755 3798 1969 3854 partibus

1915 3871 2000 3915 15*
