2600 4198
260 191 368 244 202
704 191 1105 247 RELIQVORVM
1137 193 1216 237 DE
1249 193 1654 240 GRAMMATICA
1684 195 2000 241 LIBRORVM

796 356 1325 433 QVAESTIONVM
1363 358 1898 414 PLAVTINARVM

1238 459 1399 502 LIBRI
1424 459 1465 503 v

1321 549 1375 603 II

256 638 330 690 49
373 637 507 707 [51].
570 638 797 690 amussis
844 642 926 691 est
963 657 1272 706 aequamen,
1310 639 1692 706 levamentum,
1742 643 1796 694 id
1836 646 1916 695 est
1955 643 2096 712 apud
2140 643 2319 696 fabros
2357 624 2439 698 ta-¹

524 727 652 779 bula
686 727 958 795 quaedam,
992 745 1096 796 qua
1128 731 1355 781 utuntur
1385 729 1453 781 ad
1478 748 1603 782 saxa
1635 734 2018 800 coagmentata.
2058 731 2282 785 Plautus
2323 746 2357 777 ὕ
2397 746 2431 778 «-
2478 754 2498 788 5

254 816 328 868 50
370 815 504 885 [52]
561 818 740 868 satura
772 819 853 868 est
883 834 987 869 uva
1017 835 1174 885 passa
1206 821 1258 870 et
1289 818 1507 886 polenta
1546 823 1599 871 et
1632 818 1807 872 nuclei
1845 821 1959 888 pini
1999 839 2064 873 ex
2094 821 2267 874 mulso
2308 839 2432 875 con-

524 906 707 973 sparsi.
763 905 829 957 ad
868 905 999 959 haec
1038 906 1131 958 alii
1171 906 1372 959 addunt
1413 910 1466 959 et
1507 907 1569 959 de
1610 909 1751 961 malo
1792 909 1994 962 Punico
2036 928 2215 979 grana.

798 1112 895 1164 DE
939 1111 1439 1166 SIMILITVDINE
1480 1114 1886 1168 VERBORVM

1216 1214 1377 1258 LIBRI
1408 1215 1471 1259 111

1317 1305 1370 1357 II

250 1394 322 1446 51
369 1391 499 1464 (109
533 1391 656 1462 [4]).
711 1393 805 1462 pix
844 1391 1190 1463 singulariter
1230 1393 1440 1446 dicitur.
2454 1331 2497 1363 ¹⁰

250 1481 403 1535 *³⁶52
438 1479 531 1553 (98
561 1479 755 1551 [256]).
803 1481 1127 1552 glossemata
1157 1486 1218 1534 ut
1250 1486 1550 1535 toreumata
1582 1485 1975 1554 enthymemata
2007 1490 2254 1539 noemata
2286 1486 2429 1541 sche-

521 1574 663 1623 mata
694 1573 942 1639 poemata
975 1573 1027 1622 et
1066 1570 1150 1622 his
1184 1571 1380 1623 similia
1421 1573 1596 1624 omnia
1631 1616 1639 1625 .
1668 1615 1714 1626 ..
1749 1574 1927 1628 dativo
1961 1578 2013 1628 et
2046 1575 2280 1629 ablativo
2314 1576 2428 1646 plu-

518 1661 618 1712 rali
658 1660 714 1712 in
746 1657 883 1712 BVS
925 1658 1121 1730 derigit
1161 1659 1289 1729 (scil.
1325 1659 1550 1733 regula),
1591 1663 1716 1730 quia
1756 1663 2042 1732 singularis
2083 1664 2348 1717 ablativus
2380 1664 2426 1717 Ε

517 1748 696 1801 littera
735 1749 966 1801 finiatur.
2453 1775 2495 1809 1⁵

873 1897 971 1948 DE
1007 1897 1395 1953 VTILITATE
1439 1897 1803 1952 SERMONIS

1301 1986 1381 2039 IV

248 2076 320 2129 53
362 2075 496 2147 (110
528 2075 652 2146 [5]).
715 2076 1030 2144 aenigmatis
1071 2075 1243 2128 Varro
1285 2119 1295 2128 .
1329 2117 1340 2129 .
1373 2118 1384 2129 .
1426 2095 1747 2146 quamquam
1797 2079 1862 2131 ab
1910 2080 2013 2132 hoc
2059 2083 2303 2149 poemate
2342 2081 2427 2134 his

516 2165 853 2234 poematibus
908 2166 1081 2218 facere
1137 2166 1347 2234 debeat,
1409 2169 1586 2219 tamen
1642 2168 2013 2220 consuetudini
2069 2173 2121 2221 et
2175 2170 2426 2223 suavitati

396 2287 423 2324 4
455 2282 578 2326 Non.
606 2285 648 2335 9,
667 2284 694 2325 3
727 2281 1024 2338 (examussim
1057 2281 1230 2325 dicitur
1261 2282 1521 2326 examinate
1554 2283 1613 2326 ad
1644 2283 1856 2341 regulam
1883 2284 1957 2328 vel
1988 2287 2314 2342 coagmentum
2340 2320 2349 2329 .
2377 2320 2386 2329 .
2413 2321 2423 2329 .

247 2341 394 2384 Varro
421 2376 430 2385 .
459 2376 467 2384 .
496 2376 505 2384 .
531 2341 656 2384 idem
679 2340 1013 2392 Quaestionum
1038 2341 1362 2385 Plautinarum
1385 2342 1465 2386 lib.
1484 2342 1545 2385 II:
1576 2343 1790 2386 ‘amussis
1817 2378 1826 2386 .
1855 2378 1864 2387 .
1892 2379 1901 2387 .
1928 2343 2187 2401 Plautus’);
2210 2346 2267 2400 cf.
2286 2347 2421 2390 Paul.

246 2402 371 2445 Fest.
398 2404 440 2455 6,
460 2404 514 2455 9,·
551 2401 649 2445 GL.
677 2402 711 2444 Ι
730 2404 830 2454 198,
847 2404 934 2454 26,·
972 2401 1066 2445 TG.
1093 2415 1126 2445 s.
1153 2415 1192 2444 v.
1220 2402 1355 2457 (inter
1379 2403 1476 2446 alia
1506 2402 1697 2458 regulae
1721 2402 1794 2446 vel
1819 2403 2006 2447 tabulae
2033 2403 2202 2459 quibus
2227 2406 2425 2448 utuntur

246 2460 447 2503 artifices
482 2460 541 2503 ad
575 2473 706 2503 saxa:
750 2459 870 2502 unde
905 2458 1175 2503 adverbium
1209 2459 1409 2504 diximus
1443 2462 1739 2517 examussim)
1771 2464 1784 2519 ΙΙ
1818 2468 1842 2505 6
1880 2463 1980 2507 GL.
2006 2465 2042 2507 I
2065 2466 2169 2518 486,
2189 2466 2217 2507 7
2248 2465 2425 2521 (satura

244 2522 403 2563 autem
437 2519 565 2564 dicta
591 2553 599 2562 .
628 2553 637 2562 .
665 2554 673 2563 .
701 2519 795 2562 sive
830 2533 857 2562 a
888 2519 1091 2574 quodam
1124 2534 1292 2576 genere
1336 2520 1615 2576 farciminis,
1660 2522 1783 2577 quod
1827 2522 1987 2565 multis
2030 2523 2168 2566 rebus
2200 2523 2423 2567 refertum

244 2581 452 2622 saturam
485 2579 602 2622 dicit
624 2578 769 2623 Varro
804 2578 1071 2622 vocitatum.
1128 2580 1198 2623 est
1231 2581 1389 2623 autem
1421 2580 1507 2623 hoc
1539 2580 1746 2636 positum
1778 2582 1827 2624 in
1860 2582 2061 2625 secundo
2093 2581 2212 2625 libro
2246 2582 2422 2627 Plauti·

244 2653 411 2682 narum
444 2638 773 2694 quaestionum
808 2638 986 2681 ‘satura
1013 2673 1021 2681 .
1050 2673 1059 2682 .
1087 2672 1096 2681 .
1123 2640 1333 2695 grana’);
1364 2640 1420 2694 ef.
1448 2641 1567 2684 Fest.
1595 2641 1721 2695 314¹),
1744 2644 1805 2685 25
1836 2642 1849 2698 ΙΙ
1884 2646 1935 2684 11
1975 2641 2074 2685 GL.
2102 2643 2137 2685 I
2153 2646 2224 2695 91,
2240 2644 2302 2686 26
2326 2642 2423 2698 (pix

243 2697 549 2755 singulariter
580 2697 765 2751 dicitur,
798 2699 851 2741 ut
883 2697 951 2740 ait
974 2697 1119 2741 Varro
1154 2698 1210 2741 de
1244 2698 1553 2743 similitudine
1577 2700 1823 2743 verborum
1853 2700 1916 2754 Π,
1950 2700 2160 2756 quamvis
2186 2701 2420 2758 Vergilius

244 2757 416 2801 dixerit
442 2758 474 2815 [
475 2757 633 2815 Geory.
653 2759 747 2801 III
756 2758 875 2815 450]
910 2756 1185 2812 ‘Idaeasque
1218 2757 1346 2813 pices
1380 2760 1426 2802 et
1457 2759 1657 2816 pingues
1682 2759 1888 2816 unguine
1914 2761 2081 2816 ceras')
2114 2765 2155 2804 et
2181 2761 2223 2804 V
2241 2764 2347 2815 587,
2364 2764 2422 2805 14

243 2818 342 2874 (pix
374 2817 557 2874 generis
590 2816 821 2871 feminini,
853 2818 906 2859 ut
923 2815 1068 2859 Varro
1105 2817 1379 2872 ‘Idaeasque
1410 2818 1603 2874 pices'),·
1635 2818 1690 2873 cf.
1722 2819 1821 2863 GL.
1848 2819 1926 2863 IV
1948 2822 2019 2874 31,
2038 2823 2097 2863 30
2107 2837 2123 2874 ;
2155 2820 2194 2862 V
2219 2823 2422 2874 108,14;
2510 2826 2517 2831 '

242 2877 356 2921 Isid.
392 2877 554 2920 XVII
581 2879 623 2930 7,
642 2880 727 2930 72‚·
764 2876 860 2920 TG.
894 2890 927 2920 s.
960 2890 999 2919 v.
1033 2878 1046 2933 ΙΙ
1081 2881 1133 2919 12
1172 2877 1270 2920 GL.
1305 2878 1341 2920 I
1365 2881 1465 2931 131,
1485 2882 1543 2921 10
1574 2877 1909 2934 (glossemata.
1937 2913 1946 2921 .
1974 2913 1982 2922 .
2010 2878 2166 2922 omnia
2197 2878 2418 2923 Varronis

240 2935 426 2992 regula,
466 2935 622 2990 inquit
651 2935 852 2990 Plinius,
885 2934 1042 2978 dativo
1069 2970 1079 2978 .
1107 2969 1116 2979 .
1144 2970 1153 2979 .
1180 2935 1381 2980 finiatur.
1436 2936 1602 2979 melior
1639 2938 1795 2980 tamen
1827 2938 1945 2980 ratio
1980 2939 2050 2981 est
2081 2951 2222 2992 quam
2260 2937 2347 2982 sub
2379 2939 2420 2982 A

239 2994 401 3038 littera
433 2995 542 3038 dedi
573 2995 658 3052 [ef.
692 2995 779 3052 fry.
813 2995 921 3051 53];
961 2996 1009 3038 et
1047 2994 1152 3038 ideo
1185 2995 1300 3038 haec
1334 2997 1380 3038 et
1412 2995 1510 3038 eius
1542 2995 1669 3039 modi
1701 3011 1756 3039 ex
1789 2996 1883 3039 alia
1914 2996 2114 3039 formula
2151 2996 2419 3052 genetivum

240 3053 471 3110 pluralem
510 3055 558 3097 et
590 3068 644 3096 ex
676 3054 771 3097 alia
802 3053 1010 3097 dativum
1043 3056 1253 3108 sumunt,
1292 3054 1457 3097 horum
1495 3054 1829 3111 glossematum
1867 3055 1941 3099 his
1974 3055 2420 3115 glossemati[bu]s),·

239 3114 298 3167 cf.
321 3113 422 3157 GL.
441 3114 505 3156 II
530 3116 634 3166 356,
649 3117 710 3158 25
741 3116 754 3169 ΙΙ
790 3117 843 3156 18
880 3113 1201 3168 GL.1123,3
1234 3114 1529 3170 (aenigmatis
1562 3114 1707 3158 Varro
1742 3114 1797 3158 de
1830 3114 2038 3158 utilitate
2072 3115 2294 3159 sermonis
2318 3115 2417 3161 1111.

241 3172 311 3216 ait
349 3172 474 3215 enim
512 3171 707 3227 Plinius,
747 3185 1031 3227 quamquam
1056 3206 1066 3215 .
1094 3206 1103 3216 .
1131 3206 1140 3216 .
1166 3171 1479 3228 tribuendam,
1525 3175 1579 3216 ut
1617 3173 1666 3216 in
1704 3174 1870 3218 Aceste
1910 3177 1958 3218 et
1994 3174 2197 3218 Anchise
2236 3175 2419 3220 Maroni

241 3230 445 3275 diximus
478 3231 720 3287 placitum,
754 3233 801 3275 et
832 3231 944 3287 quia
968 3265 978 3274 .
1006 3266 1014 3274 .
1043 3265 1052 3274 .
1079 3230 1282 3289 alligari)
1292 3249 1308 3286 ;
1341 3232 1397 3286 cf.
1430 3233 1518 3290 fry.
1552 3236 1610 3277 15
1620 3250 1635 3287 ;
1671 3233 1771 3277 GL.
1804 3234 1840 3277 I
1866 3237 1966 3288 141,
1982 3237 2044 3278 29
2077 3235 2416 3290 (poematorum

241 3293 289 3334 et
319 3290 369 3334 in
399 3290 443 3333 H
474 3292 522 3334 et
552 3290 601 3333 in
631 3290 694 3334 III
725 3291 847 3348 [scil.
881 3291 997 3335 libro
1029 3292 1081 3334 de
1116 3291 1369 3348 poematis]
1400 3291 1525 3335 idem
1557 3291 1703 3335 Varro
1748 3292 1944 3336 adsidue
1978 3292 2094 3336 dicit
2126 3295 2174 3337 et
2202 3293 2276 3338 his
2307 3306 2417 3350 poe·

239 3349 396 3403 matis,
437 3351 679 3406 tamquam
720 3349 1006 3393 nominativo
1050 3350 1138 3393 hoc
1181 3353 1448 3406 poematum
1488 3351 1550 3394 sit
1582 3353 1628 3395 et
1658 3365 1752 3395 non
1790 3352 1878 3396 hoc
1909 3359 2093 3408 poema)
2103 3370 2120 3406 ;
2161 3354 2204 3397 V
2228 3356 2330 3408 357,
2355 3356 2416 3398 18

240 3408 435 3466 (Graeca
457 3411 624 3452 neutra
648 3422 767 3464 quae
791 3409 827 3452 Ε
861 3409 1019 3454 littera
1050 3411 1264 3465 correpta
1293 3410 1619 3465 terminantur,
1650 3412 1704 3454 ut
1735 3410 1794 3455 ab
1819 3411 1906 3455 hoc
1931 3411 2164 3455 schemate
2191 3446 2200 3456 .
2228 3446 2238 3456 .
2265 3447 2274 3456 .
2301 3411 2416 3456 libe-

237 3483 343 3512 rum
375 3470 447 3511 est
476 3468 610 3512 nobis
644 3471 691 3512 et
723 3469 782 3512 ad
814 3470 1021 3513 nostram
1052 3469 1263 3526 regulam
1288 3468 1536 3524 declinare,
1568 3472 1621 3513 ut
1652 3470 1818 3514 horum
1849 3471 2243 3515 schematumhis
2276 3472 2323 3515 et
2354 3471 2414 3516 ab

238 3527 313 3571 his
346 3527 675 3581 schematibus,
709 3530 756 3571 et
786 3528 835 3571 in
868 3527 1151 3572 contrarium
1177 3528 1359 3583 ducere,
1392 3528 1502 3583 quia
1534 3531 1694 3572 nostra
1724 3544 1818 3574 non
1842 3532 1965 3586 sunt,
1996 3532 2048 3574 ut
2073 3530 2415 3574 schematorum

237 3587 490 3631 schematis
523 3587 823 3642 declinemus,
856 3587 976 3631 sicut
1007 3586 1279 3643 plerumque
1312 3589 1360 3631 et
1390 3587 1439 3630 in
1472 3586 1688 3632 Cicerone
1722 3591 1770 3632 et
1799 3589 1849 3632 in
1880 3588 2086 3633 Varrone
2120 3588 2335 3647 legimus)

390 3695 413 3734 1
427 3704 488 3746 sq.
523 3690 849 3746 quaestionum
871 3689 1196 3734 Plautinarum
1218 3690 1261 3734 V
1284 3691 1380 3734 ind.
1407 3691 1538 3736 Hier.
1562 3693 1576 3748 ΙΙ
1601 3697 1627 3735 5
1652 3693 2024 3749 coagmentanda
2046 3693 2217 3737 Iunius
2243 3692 2247 3751 Ι
2276 3691 2416 3736 Plau-

238 3751 315 3793 tus
346 3750 435 3794 secl
464 3750 701 3808 Lindsay:
738 3751 819 3794 ubi
848 3751 920 3794 lae
949 3751 993 3795 si
1085 3749 1257 3795 Schoell
1298 3751 1311 3806 ΙΙ
1355 3754 1380 3792 6
1413 3751 1572 3806 satyra
1597 3753 1605 3808 Ι
1642 3751 1772 3807 pinei
1795 3765 1886 3808 pro
1916 3751 2018 3808 pini
2049 3765 2106 3794 ex
2135 3752 2229 3797 Leo
2259 3753 2274 3809 ΙΙ
2305 3755 2412 3809 884.

237 3808 297 3852 de
328 3807 636 3852 similitudine
668 3808 916 3853 uerborum
945 3808 966 3853 1
1039 3810 1136 3854 ind.
1167 3809 1299 3854 Hier.
1331 3810 1346 3866 ΙΙ
1380 3813 1433 3853 16
1466 3822 1537 3854 om
1567 3810 1664 3855 ind.
1690 3811 1820 3855 Hier.
