2600 4198
262 173 320 217 VI
1171 169 1512 216 PRAEFATIO

255 310 527 363 Romanae
557 305 999 376 Fragmentorum
1040 324 1081 358 a.
1116 303 1384 359 MOMVIl
1423 309 1476 359 et
1507 306 1825 360 Wessnerus
1864 325 2005 376 111οΧ,
2044 310 2105 360 ut
2143 326 2437 376 speramuS,

258 399 454 451 inseret
494 396 732 448 omnium
772 393 1031 447 Varronis
1071 393 1418 463 reliquiarum
1458 395 1780 448 collectioni.
1856 393 1996 448 Nam
2046 394 2217 449 nihilo
2257 395 2434 449 minus

257 486 459 555 optime
490 483 710 554 adiungi
740 483 1042 554 fragmenta
1071 482 1226 535 libris
1260 483 1481 536 servatis
1511 483 1577 537 de
1607 484 1794 554 lingua
1824 483 1992 536 latina
2023 484 2300 538 sensimus.
2354 482 2434 536 Ac

254 578 437 628 nostra
469 575 644 643 opella
676 572 945 641 quomodo
978 591 1033 624 se
1071 571 1267 624 habeat
1300 590 1419 624 cum
1452 572 1518 625 ad
1548 571 1818 625 Funaiolii
1855 573 2278 644 recognitionem
2316 576 2432 625 tum

256 665 323 717 ad
369 662 717 716 fundamenta
763 680 792 713 a
834 660 1188 712 Wilmannsio
1236 661 1661 730 praeclarissime
1709 661 1846 714 iacta
1896 660 1949 713 in
1997 661 2432 715 adnotationibus

254 752 487 806 breviter
509 750 894 804 illustravimus
918 767 1089 818 neque
1121 748 1337 802 uberius
1363 748 1425 801 de
1457 749 1558 802 hac
1588 752 1739 819 parte
1770 750 1827 802 in
1859 736 2251 821 prolegomenis
2276 767 2432 820 agere

255 843 312 894 in
365 840 543 893 animo
599 842 692 891 est.
771 838 925 901 Quod
972 839 1182 907 saepius
1236 839 1471 891 numeris
1512 837 1954 891 Wilmannsianis
2006 839 2088 890 usi
2139 857 2321 891 sumus
2360 869 2433 875 —

258 948 391 999 quos
430 928 628 981 nostris
670 928 767 979 sub
806 927 892 979 his
934 927 1084 979 uncis
1127 924 1200 998 ()
1242 926 1619 995 adscripsimus
1660 930 1721 978 ut
1761 927 1857 979 sub
1890 927 1974 979 his
2016 926 2090 996 []
2132 926 2433 979 Funaiolia-

252 1038 350 1072 nos
393 1050 477 1086 —-‚
517 1019 861 1086 conspectum
901 1033 1242 1068 numerorum
1282 1034 1331 1083 p.
1366 1016 1473 1067 242
1514 1015 1768 1067 dedimus,

401 1106 653 1176 Magnam
705 1123 854 1174 spem
905 1104 1027 1157 inde
1074 1121 1498 1173 conceperamuS,
1542 1104 1687 1172 quod
1728 1108 1781 1157 et
1821 1103 2080 1175 Georgius
2119 1103 2434 1156 Wissowa

255 1201 307 1250 et
346 1195 659 1248 Franciscus
693 1193 971 1246 Skutsch
1009 1192 1113 1245 viri
1152 1193 1450 1246 doctissimi
1490 1193 1751 1262 nobisque
1793 1193 2282 1245 benevolentissimi
2320 1194 2433 1262 pla-

256 1287 502 1355 gularum
542 1283 945 1352 relegendarum
991 1283 1270 1351 negotium
1319 1282 1375 1333 in
1416 1300 1470 1334 se
1511 1283 1776 1350 suscipere
1816 1281 2055 1333 animum
2096 1282 2432 1334 induxerant.

256 1374 411 1426 Vnde
466 1374 521 1425 in
575 1371 762 1439 primis
816 1370 962 1422 foliis
1010 1374 1318 1438 comparent
1373 1371 1589 1440 egregia
1645 1370 1903 1438 quaedam
1958 1371 2237 1438 utriusque
2293 1388 2436 1423 com-

255 1466 435 1515 menta
473 1458 596 1531 (sub
632 1458 783 1529 siglis
822 1459 910 1511 Wi
942 1462 994 1511 et
1024 1456 1149 1529 Sk.)
1215 1458 1319 1511 Sed
1359 1477 1479 1511 cum
1519 1462 1728 1527 praeter
1768 1462 2022 1511 consueta
2060 1477 2280 1511 munera
2317 1459 2435 1528 plu-

251 1552 386 1603 rima
424 1552 478 1601 et
517 1548 832 1619 gravissima
871 1546 1005 1599 alter
1043 1548 1264 1600 rectoris
1307 1548 1441 1600 alter
1473 1548 1658 1600 decani
1699 1547 2017 1618 dignitatem
2050 1566 2112 1600 eo
2152 1547 2270 1617 ipso
2303 1550 2434 1598 tem-

252 1657 382 1708 pore
415 1638 714 1705 acciperent
747 1654 850 1704 quo
886 1635 1135 1705 plagulae
1168 1654 1233 1687 ex
1266 1635 1428 1704 prelis
1462 1635 1681 1703 exirent,
1715 1636 1966 1688 desistere
1999 1636 2064 1687 ab
2098 1636 2202 1688 hoc
2234 1635 2434 1688 auxilio

257 1727 428 1780 coacti
469 1730 614 1779 sunt:
656 1725 799 1794 quod
839 1743 959 1777 cum
998 1743 1096 1777 nos
1137 1725 1405 1776 doluimus
1446 1725 1795 1793 dolemusque
1836 1729 1951 1777 tum
1990 1726 2215 1779 lect-ores
2254 1725 2436 1778 nobis-

255 1835 375 1869 cum
416 1819 469 1868 et
509 1818 631 1867 ante
671 1832 853 1866 omnes
879 1813 1052 1866 Varro
1093 1817 1274 1865 noster
1314 1817 1618 1882 querentur.
1681 1813 1871 1883 Neque
1910 1814 2110 1866 Paulus
2144 1813 2436 1867 Wessner

254 1903 407 1976 (We)
440 1904 532 1972 qui
565 1921 779 1972 operam
813 1920 843 1953 a
875 1902 1030 1955 nobis
1064 1902 1119 1954 in
1155 1901 1427 1955 Donatum
1470 1921 1625 1954 suum
1665 1903 1961 1971 impensam
2003 1903 2233 1972 quodam
2273 1902 2432 1956 modo

251 1994 467 2046 reddere
507 1992 721 2045 volebat
758 1995 981 2060 propter
1017 1991 1124 2044 loci
1163 1992 1507 2059 munerisque
1546 1992 1995 2060 permutationem
2037 1992 2199 2044 simul
2236 1992 2433 2045 factam

253 2102 369 2135 eam
424 2100 583 2150 quam
645 2083 945 2149 speraverat
1009 2098 1164 2149 opem
1229 2080 1383 2148 plene
1440 2080 1563 2132 dare
1619 2081 1809 2148 potuit.
1903 2080 2147 2149 Denique
2202 2080 2434 2133 Adolfus

254 2170 454 2225 Groth
492 2171 586 2222 ubi
626 2189 689 2222 ex
722 2169 987 2222 Teubneri
1026 2169 1229 2221 nuntiis
1271 2171 1531 2238 comperit
1570 2170 1669 2222 hos
1702 2169 1870 2222 libros
1902 2188 2001 2222 nos
2034 2170 2272 2222 edituros
2306 2188 2434 2234 esse,

252 2262 532 2314 nobiscum
571 2258 986 2313 communicavit
1025 2276 1159 2328 quae
1201 2258 1329 2310 olim
1370 2259 1437 2310 ad
1476 2258 1677 2311 multos
1724 2260 1871 2310 locos
1912 2258 2013 2310 sibi
2063 2258 2434 2312 adnotaverat:

252 2350 392 2402 unde
434 2348 578 2417 quod
616 2365 786 2416 pauca
823 2350 1032 2400 tantum
1072 2347 1620 2416 commemoi·avimUS‚
1660 2348 1829 2416 ipsius
1869 2351 2152 2417 praecepto
2195 2346 2434 2399 obsecuti

256 2456 453 2491 sumus.
530 2435 716 2489 Nihilo
769 2436 944 2488 minus
997 2440 1051 2488 et
1099 2435 1184 2488 his
1227 2436 1352 2488 viris
1403 2437 1602 2505 gratias
1651 2455 1715 2489 ex
1767 2437 1943 2489 animo
1997 2437 2205 2506 agimus
2248 2440 2300 2489 et
2341 2438 2434 2506 qui

252 2529 524 2596 praeterea
568 2525 724 2577 nobis
778 2526 900 2576 usui
953 2525 1170 2577 fuerunt
1218 2525 1464 2578 omnibus
1507 2556 1575 2562 —
1618 2543 1723 2593 quo
1781 2527 1836 2578 in
1882 2544 2103 2579 numero
2158 2526 2262 2578 hoc
2314 2527 2433 2578 loco

256 2616 417 2668 etiam
468 2614 756 2667 Ernestum
806 2613 996 2666 Diehl
1048 2615 1309 2683 collegam
1357 2631 1470 2665 esse
1520 2631 1814 2683 monemus,
1862 2615 2002 2667 infra
2041 2613 2431 2683 Hieronymum

252 2704 488 2757 Vitelli
521 2704 750 2756 amicum
781 2702 1059 2755 laudamus
1089 2733 1160 2740 —
1193 2704 1457 2771 simulque
1491 2704 1702 2755 veniam
1734 2705 1981 2772 petimus,
2015 2704 2158 2772 quod
2191 2703 2433 2771 quamvis

250 2792 484 2845 multum
525 2792 780 2860 temporis
821 2795 875 2843 et
912 2792 1014 2844 toti
1052 2791 1178 2843 huic
1210 2792 1434 2844 editioni
1474 2795 1527 2844 et
1566 2793 1670 2861 ipsi
1713 2795 2045 2845 correcturae
2085 2792 2434 2860 impertiveri-

253 2900 390 2951 111118,
427 2884 607 2934 tamen
639 2881 705 2933 ab
740 2881 1008 2933 erroribus
1041 2898 1225 2933 cavere
1256 2900 1366 2934 non
1397 2881 1677 2951 valuimus,
1716 2899 1851 2950 quos
1885 2881 2061 2950 quoad
2099 2881 2215 2933 fieri
2253 2880 2434 2950 potuit

256 2970 306 3021 in
351 2968 623 3022 Addendis
663 2974 716 3022 et
756 2968 1094 3039 Corrigendis
1134 2973 1451 3023 notavimus.

406 3072 664 3126 Dedimus
703 3071 860 3126 Ienae
899 3076 952 3125 et
991 3071 1377 3143 Heidelbergae
1418 3092 1484 3126 m.
1524 3072 1819 3127 Novembri
1859 3092 1902 3127 a.
1943 3072 2196 3127 MCMIX.

1891 3177 1949 3233 Gr.
1990 3177 2050 3233 G.
2134 3178 2192 3232 F.
2233 3178 2284 3232 S.
