2600 4198
278 164 407 210 XXX
1140 165 1600 212 PROLEGOMENA

280 298 552 372 gendum).
617 299 720 354 Sed
753 303 816 353 ut
852 301 1179 369 imposierint
1215 302 1366 354 iuxta
1397 304 1629 369 posuerit
1665 302 1967 372 similiaque
2006 307 2235 374 exstant,
2273 305 2353 358 sic
2390 324 2457 359 ne

278 390 651 457 imposiverunt
694 389 911 458 quidem
963 389 1265 458 similiaque
1307 389 1374 441 ad
1411 388 1639 442 aliorum
1673 389 2077 443 similitudinem
2119 392 2458 446 reformanda

280 481 449 531 erunt.
545 477 775 531 Omnino
823 497 933 530 non
988 479 1265 548 continget
1319 495 1380 531 ac
1431 496 1499 530 ne
1553 478 1913 547 appetendum
1961 480 2175 548 quidem
2223 483 2303 534 est
2341 482 2457 535 uni-

277 567 507 620 formem
565 568 783 620 reddere
835 566 1094 619 Varronis
1157 584 1480 619 sermonem:
1549 584 1656 634 quo
1717 567 1774 619 in
1836 568 2013 621 studio
2073 571 2159 622 vel
2210 569 2459 641 Spengel,

281 655 525 725 quamvis
558 656 831 708 modestus
865 656 1181 725 sobriusque
1214 655 1377 708 fuerit
1409 655 1639 724 criticus,
1680 673 1836 724 saepe
1866 657 2061 709 nimius
2092 658 2210 711 fuit.
2264 658 2458 728 Neque

278 748 460 796 tamen
514 747 606 797 aut
645 745 891 796 volumus
940 748 1032 796 aut
1077 763 1362 813 possumus
1402 744 1506 796 hoc
1543 746 1661 797 loco
1701 744 1918 797 uberius
1958 744 2097 799 hanc
2135 765 2247 800 rem
2285 766 2493 816 perse-x

281 833 387 901 qui,
429 850 589 901 quam
628 832 718 885 hic
755 834 878 886 illic
906 833 962 885 in
1001 836 1261 902 apparatu
1302 836 1353 885 et
1392 834 1450 885 in
1490 833 1926 886 adnotationibus
1965 835 2258 905 tetigimus,
2311 855 2459 905 prae-

280 922 463 973 sertim
514 939 637 974 cum
688 922 835 974 vario
886 922 1045 974 modo
1097 922 1154 974 in
1193 922 1596 992 grammaticam
1637 922 2011 990 inquisiverint
2052 941 2172 976 cum
2211 924 2303 977 alii
2342 928 2456 977 tum

279 1008 346 1061 H.
380 1008 646 1080 Reiterl),
695 1009 759 1063 A.
792 1011 1041 1081 Mueller,
1098 1010 1154 1064 Gr.
1188 1010 1469 1081 Heidrich,
1519 1010 1582 1063 R.
1615 1010 1985 1081 Krumbiegel,
2040 1011 2106 1064 ad
2145 1031 2279 1080 quos
2317 1013 2457 1065 haud

277 1117 397 1151 raro
436 1100 710 1170 relegandi
748 1100 975 1153 lectores
1018 1104 1179 1154 erant.

427 1188 541 1242 Iam
583 1208 690 1259 quo
729 1190 900 1243 fusius
942 1191 1005 1243 de
1043 1189 1103 1242 F
1135 1189 1315 1242 codice
1356 1189 1735 1257 disputandum
1776 1192 1903 1258 erat,
1942 1207 2003 1241 eo
2045 1190 2311 1243 breviores
2346 1208 2459 1244 esse

278 1296 564 1346 possumus
619 1279 674 1330 in
730 1280 1058 1347 reliquorum
1114 1278 1375 1330 librorum
1431 1277 1799 1346 descriptione.
1877 1276 2018 1331 Nam
2066 1297 2130 1331 ex
2178 1279 2281 1332 hoc
2319 1279 2458 1332 libro

278 1367 532 1435 quicquid
573 1368 884 1436 ceteroquin
935 1367 1197 1419 librorum
1238 1370 1412 1419 exstat
1458 1367 1766 1435 provenisse
1805 1369 2009 1435 primus
2051 1368 2219 1420 edixit
2259 1367 2323 1420 A.
2350 1368 2458 1421 Mai

278 1455 463 1526 (praef.
507 1454 612 1508 Cic.
655 1457 719 1509 de
758 1474 866 1525 rep.
908 1475 959 1525 p.
998 1453 1146 1526 XX),
1196 1455 1318 1508 dein
1356 1473 1412 1507 re
1453 1457 1750 1508 accuratius
1791 1458 2008 1525 cognita
2056 1455 2108 1508 C.
2150 1457 2460 1510 Lachmann

276 1544 461 1597 multis
502 1546 696 1614 quibus
738 1545 802 1599 de
826 1544 1066 1598 Varrone
1107 1546 1220 1615 agit
1258 1544 1390 1597 locis
1431 1548 1491 1596 ut
1522 1545 1683 1597 tacite
1715 1546 1791 1597 ita
1825 1545 2017 1597 diserte
2050 1545 2140 1615 (cf.
2167 1545 2271 1597 εΚΙ.
2293 1545 2457 1598 Schr.'

274 1632 327 1686 Π
358 1653 408 1703 p.
439 1633 570 1705 191)
604 1639 657 1687 et
695 1638 821 1703 post
860 1651 982 1686 eum
1021 1633 1086 1686 H.
1107 1633 1230 1686 Keil
1261 1632 1586 1705 Mus.{Rhen.
1619 1633 1722 1686 vol.
1749 1633 1827 1686 VI
1861 1634 1926 1705 (a.
1958 1634 2123 1705 1848)
2156 1654 2206 1704 p.
2245 1635 2349 1688 142
2384 1636 2461 1689 sic

275 1723 666 1792 iudicaverunt,
714 1723 943 1792 denique
991 1723 1193 1792 optime
1233 1722 1290 1775 L.
1324 1721 1554 1793 Spengel
1612 1710 1784 1775 ‘Uber
1831 1724 1916 1775 die
1954 1723 2136 1775 Kritik
2176 1724 2269 1775 der
2307 1723 2459 1777 Varr.

275 1811 489 1866 Bficher
528 1813 591 1865 de
631 1812 663 1865 1.
696 1814 751 1866 1.’
790 1832 840 1882 p.
873 1812 979 1864 431
1003 1831 1116 1881 sqq.
1158 1812 1543 1865 demonstravit
1595 1811 1683 1883 (cf.
1730 1810 1899 1865 Groth
1938 1814 1970 1864 l.
2005 1832 2042 1866 s.
2077 1831 2113 1865 s.
2147 1832 2195 1881 p.
2230 1812 2264 1864 3
2290 1811 2459 1883 [81]):

280 1918 341 1954 ac
386 1921 452 1955 ne
500 1902 863 1972 fragmentum
905 1902 1120 1971 quidem
1164 1900 1448 1953 Casinense
1487 1901 1938 1971 topographicum
1980 1903 2175 1954 saeculi
2214 1900 2342 1970 XII,
2396 1902 2460 1955 de

276 2009 383 2059 quo
424 2009 584 2060 supra
624 1993 848 2062 egimuS,
899 1990 1114 2043 aliunde
1155 1990 1501 2042 derivandum
1544 2008 1657 2043 esse
1697 1990 1941 2043 vidimus.
2022 1989 2240 2043 Ceteros
2280 1994 2458 2044 autem

196 2068 199 2073 ’
274 2080 443 2133 libros
495 2098 589 2133 cur
640 2099 761 2134 cum
815 2079 1009 2133 Canale
1060 2079 1181 2130 edit.
1234 2097 1283 2147 p.
1323 2077 1506 2130 XXIII
1524 2097 1598 2147 sq.
1652 2082 1705 2130 et
1743 2078 2092 2132 Antonibono
2145 2077 2357 2148 ‘SuppL
2406 2079 2460 2131 di

275 2169 468 2222 lezioni
520 2189 627 2222 var.
680 2170 731 2221 ai
779 2170 901 2222 libri
958 2170 1021 2221 de
1072 2168 1104 2221 l.
1145 2168 1178 2220 l.
1231 2168 1284 2219 di
1324 2168 1395 2220 M.
1421 2168 1478 2220 T.
1505 2167 1589 2220 V.'
1643 2166 1905 2238 (Bassano
1958 2167 2123 2238 1899)
2176 2188 2224 2236 p.
2271 2168 2342 2221 23
2394 2187 2459 2221 ex

278 2259 550 2312 communi
587 2258 738 2311 fonte
776 2259 957 2326 potius
991 2276 1150 2326 quam
1185 2276 1249 2310 ex
1287 2258 1403 2326 ipso
1438 2256 1750 2310 Florentino
1782 2260 2083 2325 repetamus
2115 2275 2213 2310 nec
2247 2275 2457 2311 causam

274 2365 373 2401 nec
411 2348 676 2400 rationem
717 2366 830 2400 esse
871 2347 1126 2399 videmus.
1199 2344 1303 2398 Sed
1341 2346 1655 2415 priusquam
1695 2364 1996 2416 pergamus,
2037 2346 2281 2399 codicum
2323 2349 2459 2400 cete-

274 2455 455 2490 rorum
499 2437 590 2505 qui
628 2438 746 2489 noti
786 2440 911 2490 sunt
949 2453 1225 2489 recensum
1266 2435 1441 2488 visum
1481 2438 1561 2487 est
1601 2435 1854 2487 subicere.

428 2527 472 2579 1.
516 2526 627 2579 cod.
684 2525 1026 2578 Florentinus
1077 2524 1465 2576 Laurentianus
1505 2522 1576 2575 LI
1600 2523 1633 2575 5
1690 2521 1746 2594 (f
1777 2523 2073 2594 Spengelii)
2126 2525 2252 2576 anni
2303 2523 2461 2591 1427,

276 2616 339 2668 de
379 2635 485 2685 quo
526 2615 876 2669 conferendus
903 2614 1136 2685 Spengel
1167 2612 1355 2683 praef.2
1377 2633 1426 2682 p.
1453 2612 1534 2665 III
1569 2616 1623 2665 et
1660 2611 1761 2682 IX3
1800 2613 1856 2665 in
1896 2614 2037 2666 calce
2075 2616 2321 2665 notatum
2354 2615 2459 2665 est:

274 2706 538 2758 Antonius
578 2705 757 2757 Marii
801 2704 946 2772 filius
989 2703 1334 2757 Florentinus
1382 2704 1510 2756 civis
1549 2703 1766 2756 absolvit
1801 2702 2106 2755 Florentiae
2140 2701 2309 2755 XIII
2330 2701 2457 2754 Kal.

282 2793 473 2848 Octobr.
507 2792 883 2847 MCGCGXX
894 2793 1020 2846 VII.
1099 2792 1342 2845 Contulit
1381 2791 1644 2844 Henricus
1685 2791 1820 2843 Keil.

425 2883 472 2935 2.
514 2883 627 2935 cod.
668 2881 991 2934 Havniensis
1033 2880 1125 2952 (H
1162 2879 1462 2951 Spengelii)
1504 2879 1699 2933 saeculi
1729 2878 1848 2948 XV,
1887 2897 1997 2932 non
2027 2878 2174 2945 XIV,
2212 2882 2273 2932 ut
2302 2882 2460 2932 antea

274 2972 450 3026 visum
498 2974 613 3025 erat
651 2970 968 3024 Niebuhrio.
1061 2968 1305 3023 Contulit
1344 2969 1401 3022 in
1438 2988 1596 3021 usum
1636 2967 1850 3021 Koeleri
1890 2968 1949 3020 B.
1983 2966 2252 3037 Niebuhr,
2307 2969 2456 3021 cuius

277 3062 492 3115 collatio
547 3060 604 3112 in
644 3058 918 3130 Spengelii
971 3076 1161 3112 manus
1215 3058 1430 3111 transiit
1485 3056 1572 3129 (cf.
1615 3057 1692 3110 ed.
1733 3076 1776 3109 a.
1829 3057 1970 3110 1826
2022 3076 2071 3126 p.
2105 3056 2179 3126 X,
2233 3075 2276 3109 a.
2314 3055 2455 3109 1885

274 3169 324 3220 p.
359 3147 533 3220 VIII).

425 3239 472 3291 3.
515 3239 628 3292 cod.
671 3237 950 3292 Gothanus
991 3235 1072 3310 (G
1126 3235 1425 3308 Spengelii)
1467 3235 1664 3289 saeculi
1702 3233 1845 3288 XVI.
1924 3233 2168 3288 Contulit
2205 3235 2263 3287 in
2300 3252 2457 3287 usum

275 3327 525 3381 Muelleri
564 3327 752 3398 Rege13
792 3328 931 3380 unde
979 3327 1271 3396 scripturae
1328 3324 1739 3395 discrepantiam
1786 3324 1951 3377 edidit
1991 3323 2214 3377 Mueller
2262 3340 2457 3392 appen-

277 3417 410 3472 dicis
449 3435 498 3486 p.
533 3416 841 3470 270—298.
920 3414 1266 3486 Spengelium
1318 3415 1553 3468 codicem
1594 3413 1854 3467 evolvisse
1905 3431 1970 3466 ex
2019 3409 2207 3482 praef.2
2242 3429 2293 3480 p.
2325 3408 2458 3464 VIII

278 3506 545 3560 discimus.
599 3505 978 3559 Dubitationes
1003 3505 1261 3574 quasdam
1280 3503 1526 3557 Andreae
1552 3502 1784 3575 Spengel
1807 3502 2035 3555 removit
2061 3499 2113 3553 C.
2132 3500 2193 3553 Ε.
2210 3497 2455 3569 Georges.

428 3712 471 3768 1)
502 3711 622 3756 Miro
669 3724 822 3756 errore
868 3711 994 3756 hunc
1038 3710 1189 3754 virum
1220 3710 1274 3754 A.
1301 3708 1504 3766 Spengel
1549 3707 1599 3751 in
1646 3708 1876 3765 apparatu
1917 3705 2056 3751 modo
2087 3704 2287 3749 Reiter
2316 3702 2456 3747 modo

277 3784 420 3830 Roin
449 3785 738 3830 nominabat.
