<?xml version="1.0" encoding="UTF-8"?>
<!DOCTYPE html PUBLIC "-//W3C//DTD XHTML 1.0 Transitional//EN"
    "http://www.w3.org/TR/xhtml1/DTD/xhtml1-transitional.dtd">
<html xmlns="http://www.w3.org/1999/xhtml" xml:lang="en" lang="en">
 <head>
  <title>
</title>
<meta http-equiv="Content-Type" content="text/html;charset=utf-8" />
  <meta name='ocr-system' content='tesseract 3.04.00' />
  <meta name='ocr-capabilities' content='ocr_page ocr_carea ocr_par ocr_line ocrx_word'/>
</head>
<body>
  <div class='ocr_page' id='page_1' title='image "./delingualatinaqu00varruoft_0063.png"; bbox 0 0 2600 4198; ppageno 0'>
   <div class='ocr_carea' id='block_1_1' title="bbox 0 0 76 478">
    <p class='ocr_par' dir='ltr' id='par_1_1' title="bbox 0 0 76 478">
     <span class='ocr_line' id='line_1_1' title="bbox 0 0 76 478; baseline 0 3720"><span class='ocrx_word' id='word_1_1' title='bbox 0 0 76 478; x_wconf 95' lang='lat' dir='ltr'> </span> 
     </span>
    </p>
   </div>
   <div class='ocr_carea' id='block_1_2' title="bbox 0 3486 64 4198">
    <p class='ocr_par' dir='ltr' id='par_1_2' title="bbox 0 3486 64 4198">
     <span class='ocr_line' id='line_1_2' title="bbox 0 3486 64 4198; baseline 0 0"><span class='ocrx_word' id='word_1_2' title='bbox 0 3486 64 4198; x_wconf 95' lang='lat' dir='ltr'> </span> 
     </span>
    </p>
   </div>
   <div class='ocr_carea' id='block_1_3' title="bbox 133 659 152 692">
    <p class='ocr_par' dir='ltr' id='par_1_3' title="bbox 133 659 152 692">
     <span class='ocr_line' id='line_1_3' title="bbox 133 659 152 692; baseline 0 0"><span class='ocrx_word' id='word_1_3' title='bbox 133 659 152 692; x_wconf 79' lang='lat'><strong>5</strong></span> 
     </span>
    </p>
   </div>
   <div class='ocr_carea' id='block_1_4' title="bbox 109 1106 151 1139">
    <p class='ocr_par' dir='ltr' id='par_1_4' title="bbox 109 1106 151 1139">
     <span class='ocr_line' id='line_1_4' title="bbox 109 1106 151 1139; baseline 0 0"><span class='ocrx_word' id='word_1_4' title='bbox 109 1106 151 1139; x_wconf 89' lang='grc'>10</span> 
     </span>
    </p>
   </div>
   <div class='ocr_carea' id='block_1_5' title="bbox 108 1552 149 1584">
    <p class='ocr_par' dir='ltr' id='par_1_5' title="bbox 108 1552 149 1584">
     <span class='ocr_line' id='line_1_5' title="bbox 108 1552 149 1584; baseline 0 0"><span class='ocrx_word' id='word_1_5' title='bbox 108 1552 149 1584; x_wconf 84' lang='grc'>15</span> 
     </span>
    </p>
   </div>
   <div class='ocr_carea' id='block_1_6' title="bbox 107 1998 149 2031">
    <p class='ocr_par' dir='ltr' id='par_1_6' title="bbox 107 1998 149 2031">
     <span class='ocr_line' id='line_1_6' title="bbox 107 1998 149 2031; baseline 0 0"><span class='ocrx_word' id='word_1_6' title='bbox 107 1998 149 2031; x_wconf 81' lang='lat'>20</span> 
     </span>
    </p>
   </div>
   <div class='ocr_carea' id='block_1_7' title="bbox 108 2443 148 2476">
    <p class='ocr_par' dir='ltr' id='par_1_7' title="bbox 108 2443 148 2476">
     <span class='ocr_line' id='line_1_7' title="bbox 108 2443 148 2476; baseline 0.025 -1"><span class='ocrx_word' id='word_1_7' title='bbox 108 2443 148 2476; x_wconf 77' lang='lat'>25</span> 
     </span>
    </p>
   </div>
   <div class='ocr_carea' id='block_1_8' title="bbox 109 2888 151 2921">
    <p class='ocr_par' dir='ltr' id='par_1_8' title="bbox 109 2888 151 2921">
     <span class='ocr_line' id='line_1_8' title="bbox 109 2888 151 2921; baseline -0.024 0"><span class='ocrx_word' id='word_1_8' title='bbox 109 2888 151 2921; x_wconf 78' lang='lat'>30</span> 
     </span>
    </p>
   </div>
   <div class='ocr_carea' id='block_1_9' title="bbox 1068 136 2357 188">
    <p class='ocr_par' dir='ltr' id='par_1_9' title="bbox 1068 136 2357 188">
     <span class='ocr_line' id='line_1_9' title="bbox 1068 136 2357 188; baseline -0.003 -4"><span class='ocrx_word' id='word_1_9' title='bbox 1068 139 1249 184; x_wconf 84' lang='lat' dir='ltr'>LIBER</span> <span class='ocrx_word' id='word_1_10' title='bbox 1278 138 1320 183; x_wconf 92' lang='lat' dir='ltr'><strong>V</strong></span> <span class='ocrx_word' id='word_1_11' title='bbox 1354 143 1468 183; x_wconf 90' lang='lat'>1—8</span> <span class='ocrx_word' id='word_1_12' title='bbox 2323 136 2357 188; x_wconf 82' lang='lat'>5</span> 
     </span>
    </p>
   </div>
   <div class='ocr_carea' id='block_1_10' title="bbox 177 271 2361 438">
    <p class='ocr_par' dir='ltr' id='par_1_10' title="bbox 177 271 2361 438">
     <span class='ocr_line' id='line_1_10' title="bbox 177 271 2360 348; baseline -0.005 -13"><span class='ocrx_word' id='word_1_13' title='bbox 177 300 320 336; x_wconf 90' lang='lat' dir='ltr'>nunc</span> <span class='ocrx_word' id='word_1_14' title='bbox 360 280 658 348; x_wconf 83' lang='lat' dir='ltr'>ostendunt,</span> <span class='ocrx_word' id='word_1_15' title='bbox 699 277 845 330; x_wconf 89' lang='lat' dir='ltr'>aliud</span> <span class='ocrx_word' id='word_1_16' title='bbox 878 279 1001 329; x_wconf 86' lang='lat' dir='ltr'>ante</span> <span class='ocrx_word' id='word_1_17' title='bbox 1034 275 1410 346; x_wconf 86' lang='lat' dir='ltr'>significabant</span> <span class='ocrx_word' id='word_1_18' title='bbox 1450 273 1534 346; x_wconf 82' lang='lat' dir='ltr'>(ut</span> <span class='ocrx_word' id='word_1_19' title='bbox 1563 274 1759 326; x_wconf 87' lang='lat' dir='ltr'>hostis:</span> <span class='ocrx_word' id='word_1_20' title='bbox 1798 291 1922 325; x_wconf 91' lang='lat' dir='ltr'>nam</span> <span class='ocrx_word' id='word_1_21' title='bbox 1954 276 2070 324; x_wconf 91' lang='lat' dir='ltr'>tum</span> <span class='ocrx_word' id='word_1_22' title='bbox 2103 290 2165 324; x_wconf 95' lang='lat' dir='ltr'>eo</span> <span class='ocrx_word' id='word_1_23' title='bbox 2197 271 2360 324; x_wconf 85' lang='lat' dir='ltr'>verbo</span> 
     </span>
     <span class='ocr_line' id='line_1_11' title="bbox 179 361 2361 438; baseline -0.006 -14"><span class='ocrx_word' id='word_1_24' title='bbox 179 371 424 424; x_wconf 89' lang='lat' dir='ltr'>dicebant</span> <span class='ocrx_word' id='word_1_25' title='bbox 454 368 795 438; x_wconf 90' lang='lat' dir='ltr'>peregrinum</span> <span class='ocrx_word' id='word_1_26' title='bbox 837 366 929 435; x_wconf 89' lang='lat' dir='ltr'>qui</span> <span class='ocrx_word' id='word_1_27' title='bbox 970 365 1080 417; x_wconf 90' lang='lat' dir='ltr'>suis</span> <span class='ocrx_word' id='word_1_28' title='bbox 1118 364 1330 434; x_wconf 90' lang='lat' dir='ltr'>legibus</span> <span class='ocrx_word' id='word_1_29' title='bbox 1361 366 1619 431; x_wconf 85' lang='lat' dir='ltr'>uteretur,</span> <span class='ocrx_word' id='word_1_30' title='bbox 1657 379 1800 415; x_wconf 89' lang='lat' dir='ltr'>nunc</span> <span class='ocrx_word' id='word_1_31' title='bbox 1832 361 2018 414; x_wconf 92' lang='lat' dir='ltr'>dicunt</span> <span class='ocrx_word' id='word_1_32' title='bbox 2049 379 2169 413; x_wconf 91' lang='lat' dir='ltr'>eum</span> <span class='ocrx_word' id='word_1_33' title='bbox 2203 378 2361 428; x_wconf 90' lang='lat' dir='ltr'>quem</span> 
     </span>
    </p>
   </div>
   <div class='ocr_carea' id='block_1_11' title="bbox 176 449 2421 526">
    <p class='ocr_par' dir='ltr' id='par_1_11' title="bbox 176 449 2421 526">
     <span class='ocr_line' id='line_1_12' title="bbox 176 449 2421 526; baseline -0.004 -14"><span class='ocrx_word' id='word_1_34' title='bbox 176 463 292 513; x_wconf 90' lang='lat' dir='ltr'>tum</span> <span class='ocrx_word' id='word_1_35' title='bbox 343 458 590 511; x_wconf 89' lang='lat' dir='ltr'>dicebant</span> <span class='ocrx_word' id='word_1_36' title='bbox 637 453 1004 526; x_wconf 83' lang='lat' dir='ltr'>perduellem).</span> <span class='ocrx_word' id='word_1_37' title='bbox 1093 455 1150 505; x_wconf 88' lang='lat' dir='ltr'>in</span> <span class='ocrx_word' id='word_1_38' title='bbox 1202 471 1307 521; x_wconf 93' lang='lat' dir='ltr'>quo</span> <span class='ocrx_word' id='word_1_39' title='bbox 1361 470 1553 522; x_wconf 80' lang='lat' dir='ltr'>genere</span> <span class='ocrx_word' id='word_1_40' title='bbox 1602 451 1890 503; x_wconf 85' lang='lat' dir='ltr'>verborum</span> <span class='ocrx_word' id='word_1_41' title='bbox 1941 454 2033 502; x_wconf 89' lang='lat' dir='ltr'>aut</span> <span class='ocrx_word' id='word_1_42' title='bbox 2084 467 2210 502; x_wconf 91' lang='lat' dir='ltr'>casu</span> <span class='ocrx_word' id='word_1_43' title='bbox 2261 449 2361 500; x_wconf 88' lang='lat' dir='ltr'>erit</span> <span class='ocrx_word' id='word_1_44' title='bbox 2393 464 2421 502; x_wconf 84' lang='lat'>4</span> 
     </span>
    </p>
   </div>
   <div class='ocr_carea' id='block_1_12' title="bbox 172 539 2366 2842">
    <p class='ocr_par' dir='ltr' id='par_1_12' title="bbox 172 539 2366 2842">
     <span class='ocr_line' id='line_1_13' title="bbox 177 539 2362 613; baseline -0.005 -12"><span class='ocrx_word' id='word_1_45' title='bbox 177 547 439 601; x_wconf 76' lang='lat' dir='ltr'><strong>illustrius</strong></span> <span class='ocrx_word' id='word_1_46' title='bbox 489 545 629 598; x_wconf 90' lang='lat' dir='ltr'>unde</span> <span class='ocrx_word' id='word_1_47' title='bbox 667 543 837 598; x_wconf 86' lang='lat' dir='ltr'>videri</span> <span class='ocrx_word' id='word_1_48' title='bbox 887 542 1061 613; x_wconf 92' lang='lat' dir='ltr'>possit</span> <span class='ocrx_word' id='word_1_49' title='bbox 1112 542 1280 611; x_wconf 78' lang='lat' dir='ltr'>origo,</span> <span class='ocrx_word' id='word_1_50' title='bbox 1330 541 1453 593; x_wconf 92' lang='lat' dir='ltr'>inde</span> <span class='ocrx_word' id='word_1_51' title='bbox 1503 544 1755 609; x_wconf 90' lang='lat' dir='ltr'>repetam.</span> <span class='ocrx_word' id='word_1_52' title='bbox 1835 539 1910 591; x_wconf 87' lang='lat' dir='ltr'>ita</span> <span class='ocrx_word' id='word_1_53' title='bbox 1959 539 2078 591; x_wconf 88' lang='lat' dir='ltr'>fieri</span> <span class='ocrx_word' id='word_1_54' title='bbox 2118 541 2362 606; x_wconf 75' lang='lat' dir='ltr'>oportere</span> 
     </span>
     <span class='ocr_line' id='line_1_14' title="bbox 177 628 2363 706; baseline -0.005 -17"><span class='ocrx_word' id='word_1_55' title='bbox 177 639 412 706; x_wconf 80' lang='lat' dir='ltr'>apparet,</span> <span class='ocrx_word' id='word_1_56' title='bbox 463 635 607 703; x_wconf 91' lang='lat' dir='ltr'>quod</span> <span class='ocrx_word' id='word_1_57' title='bbox 655 637 801 686; x_wconf 93' lang='lat' dir='ltr'>recto</span> <span class='ocrx_word' id='word_1_58' title='bbox 853 650 977 684; x_wconf 93' lang='lat' dir='ltr'>casu</span> <span class='ocrx_word' id='word_1_59' title='bbox 1019 648 1181 699; x_wconf 91' lang='lat' dir='ltr'>quom</span> <span class='ocrx_word' id='word_1_60' title='bbox 1222 630 1449 683; x_wconf 78' lang='lat' dir='ltr'><strong>dicimus</strong></span> <span class='ocrx_word' id='word_1_61' title='bbox 1501 630 1676 698; x_wconf 79' lang='lat' dir='ltr'>inpOS,</span> <span class='ocrx_word' id='word_1_62' title='bbox 1727 628 2008 681; x_wconf 81' lang='lat' dir='ltr'>obscurius</span> <span class='ocrx_word' id='word_1_63' title='bbox 2060 631 2140 680; x_wconf 92' lang='lat' dir='ltr'>est</span> <span class='ocrx_word' id='word_1_64' title='bbox 2179 644 2293 679; x_wconf 89' lang='lat' dir='ltr'>esse</span> <span class='ocrx_word' id='word_1_65' title='bbox 2333 645 2363 677; x_wconf 90' lang='lat' dir='ltr'>a</span> 
     </span>
     <span class='ocr_line' id='line_1_15' title="bbox 176 715 2363 794; baseline -0.005 -16"><span class='ocrx_word' id='word_1_66' title='bbox 176 725 423 794; x_wconf 91' lang='lat' dir='ltr'>potentia</span> <span class='ocrx_word' id='word_1_67' title='bbox 463 723 693 792; x_wconf 81' lang='lat' dir='ltr'>qua&lt;m&gt;</span> <span class='ocrx_word' id='word_1_68' title='bbox 733 740 854 774; x_wconf 93' lang='lat' dir='ltr'>cum</span> <span class='ocrx_word' id='word_1_69' title='bbox 906 721 1132 773; x_wconf 79' lang='lat' dir='ltr'>dicimus</span> <span class='ocrx_word' id='word_1_70' title='bbox 1183 718 1587 788; x_wconf 81' lang='lat' dir='ltr'>inpot[ent]em3</span> <span class='ocrx_word' id='word_1_71' title='bbox 1638 721 1691 769; x_wconf 92' lang='lat' dir='ltr'>et</span> <span class='ocrx_word' id='word_1_72' title='bbox 1743 735 1804 769; x_wconf 94' lang='lat' dir='ltr'>eo</span> <span class='ocrx_word' id='word_1_73' title='bbox 1858 716 2138 769; x_wconf 85' lang='lat' dir='ltr'>obscurius</span> <span class='ocrx_word' id='word_1_74' title='bbox 2189 716 2266 784; x_wconf 82' lang='lat' dir='ltr'>fit,</span> <span class='ocrx_word' id='word_1_75' title='bbox 2316 715 2363 766; x_wconf 91' lang='lat' dir='ltr'>si</span> 
     </span>
     <span class='ocr_line' id='line_1_16' title="bbox 177 808 2361 882; baseline -0.004 -16"><span class='ocrx_word' id='word_1_76' title='bbox 177 815 319 866; x_wconf 90' lang='lat' dir='ltr'>dicas</span> <span class='ocrx_word' id='word_1_77' title='bbox 366 813 538 882; x_wconf 89' lang='lat' dir='ltr'>pos[t]</span> <span class='ocrx_word' id='word_1_78' title='bbox 581 831 740 880; x_wconf 90' lang='lat' dir='ltr'>quam</span> <span class='ocrx_word' id='word_1_79' title='bbox 780 811 960 880; x_wconf 87' lang='lat' dir='ltr'>inpos:</span> <span class='ocrx_word' id='word_1_80' title='bbox 999 810 1213 864; x_wconf 79' lang='lat' dir='ltr'>videtur</span> <span class='ocrx_word' id='word_1_81' title='bbox 1259 810 1401 862; x_wconf 90' lang='lat' dir='ltr'>enim</span> <span class='ocrx_word' id='word_1_82' title='bbox 1441 827 1538 877; x_wconf 90' lang='lat' dir='ltr'>pos</span> <span class='ocrx_word' id='word_1_83' title='bbox 1579 808 1880 879; x_wconf 89' lang='lat' dir='ltr'>significare</span> <span class='ocrx_word' id='word_1_84' title='bbox 1920 808 2102 875; x_wconf 90' lang='lat' dir='ltr'>potius</span> <span class='ocrx_word' id='word_1_85' title='bbox 2142 809 2361 875; x_wconf 90' lang='lat' dir='ltr'>pontem</span> 
     </span>
     <span class='ocr_line' id='line_1_17' title="bbox 177 897 2362 972; baseline -0.004 -17"><span class='ocrx_word' id='word_1_86' title='bbox 177 922 337 972; x_wconf 88' lang='lat' dir='ltr'>quam</span> <span class='ocrx_word' id='word_1_87' title='bbox 387 906 676 971; x_wconf 90' lang='lat' dir='ltr'>potentem.</span> <span class='ocrx_word' id='word_1_88' title='bbox 752 904 991 952; x_wconf 88' lang='lat' dir='ltr'>vetustas</span> <span class='ocrx_word' id='word_1_89' title='bbox 1043 917 1212 968; x_wconf 92' lang='lat' dir='ltr'>pauca</span> <span class='ocrx_word' id='word_1_90' title='bbox 1260 917 1370 951; x_wconf 92' lang='lat' dir='ltr'>non</span> <span class='ocrx_word' id='word_1_91' title='bbox 1422 899 1689 966; x_wconf 77' lang='lat' dir='ltr'>depravat,</span> <span class='ocrx_word' id='word_1_92' title='bbox 1739 897 1911 949; x_wconf 90' lang='lat' dir='ltr'>multa</span> <span class='ocrx_word' id='word_1_93' title='bbox 1962 897 2120 948; x_wconf 87' lang='lat' dir='ltr'>tollit.</span> <span class='ocrx_word' id='word_1_94' title='bbox 2203 913 2362 964; x_wconf 90' lang='lat' dir='ltr'>quem</span> 
     </span>
     <span class='ocr_line' id='line_1_18' title="bbox 174 985 2362 1061; baseline -0.004 -17"><span class='ocrx_word' id='word_1_95' title='bbox 174 1011 399 1061; x_wconf 91' lang='lat' dir='ltr'>puerum</span> <span class='ocrx_word' id='word_1_96' title='bbox 439 989 623 1042; x_wconf 85' lang='lat' dir='ltr'>vidisti</span> <span class='ocrx_word' id='word_1_97' title='bbox 674 989 987 1056; x_wconf 77' lang='lat' dir='ltr'>formosum,</span> <span class='ocrx_word' id='word_1_98' title='bbox 1034 989 1179 1040; x_wconf 89' lang='lat' dir='ltr'>hunc</span> <span class='ocrx_word' id='word_1_99' title='bbox 1217 988 1365 1039; x_wconf 86' lang='lat' dir='ltr'>vides</span> <span class='ocrx_word' id='word_1_100' title='bbox 1408 987 1700 1039; x_wconf 86' lang='lat' dir='ltr'>deformem</span> <span class='ocrx_word' id='word_1_101' title='bbox 1742 987 1797 1038; x_wconf 91' lang='lat' dir='ltr'>in</span> <span class='ocrx_word' id='word_1_102' title='bbox 1839 989 2062 1049; x_wconf 75' lang='lat' dir='ltr'>senecta.</span> <span class='ocrx_word' id='word_1_103' title='bbox 2140 985 2362 1036; x_wconf 86' lang='lat' dir='ltr'>tertium</span> 
     </span>
     <span class='ocr_line' id='line_1_19' title="bbox 178 1075 2362 1145; baseline -0.004 -12"><span class='ocrx_word' id='word_1_104' title='bbox 178 1081 415 1135; x_wconf 91' lang='lat' dir='ltr'>seculum</span> <span class='ocrx_word' id='word_1_105' title='bbox 447 1097 556 1132; x_wconf 93' lang='lat' dir='ltr'>non</span> <span class='ocrx_word' id='word_1_106' title='bbox 587 1078 735 1131; x_wconf 88' lang='lat' dir='ltr'>videt</span> <span class='ocrx_word' id='word_1_107' title='bbox 767 1096 888 1130; x_wconf 92' lang='lat' dir='ltr'>eum</span> <span class='ocrx_word' id='word_1_108' title='bbox 919 1077 1192 1129; x_wconf 90' lang='lat' dir='ltr'>hominem</span> <span class='ocrx_word' id='word_1_109' title='bbox 1227 1095 1384 1145; x_wconf 90' lang='lat' dir='ltr'>quem</span> <span class='ocrx_word' id='word_1_110' title='bbox 1417 1076 1555 1129; x_wconf 85' lang='lat' dir='ltr'>vidit</span> <span class='ocrx_word' id='word_1_111' title='bbox 1586 1076 1836 1144; x_wconf 87' lang='lat' dir='ltr'>primum.</span> <span class='ocrx_word' id='word_1_112' title='bbox 1900 1093 2062 1143; x_wconf 87' lang='lat' dir='ltr'>quare</span> <span class='ocrx_word' id='word_1_113' title='bbox 2103 1075 2196 1126; x_wconf 90' lang='lat' dir='ltr'>illa</span> <span class='ocrx_word' id='word_1_114' title='bbox 2228 1090 2362 1141; x_wconf 91' lang='lat' dir='ltr'>quae</span> 
     </span>
     <span class='ocr_line' id='line_1_20' title="bbox 174 1162 2363 1235; baseline -0.004 -12"><span class='ocrx_word' id='word_1_115' title='bbox 174 1172 280 1223; x_wconf 89' lang='lat' dir='ltr'>iam</span> <span class='ocrx_word' id='word_1_116' title='bbox 331 1169 624 1221; x_wconf 87' lang='lat' dir='ltr'>maioribus</span> <span class='ocrx_word' id='word_1_117' title='bbox 675 1167 876 1220; x_wconf 90' lang='lat' dir='ltr'>nostris</span> <span class='ocrx_word' id='word_1_118' title='bbox 918 1166 1116 1218; x_wconf 90' lang='lat' dir='ltr'>ademit</span> <span class='ocrx_word' id='word_1_119' title='bbox 1157 1166 1372 1231; x_wconf 82' lang='lat' dir='ltr'>oblivio,</span> <span class='ocrx_word' id='word_1_120' title='bbox 1423 1166 1655 1235; x_wconf 84' lang='lat' dir='ltr'>fugitiva</span> <span class='ocrx_word' id='word_1_121' title='bbox 1707 1168 1887 1217; x_wconf 92' lang='lat' dir='ltr'>secuta</span> <span class='ocrx_word' id='word_1_122' title='bbox 1928 1164 2183 1216; x_wconf 72' lang='lat' dir='ltr'>sedulitas</span> <span class='ocrx_word' id='word_1_123' title='bbox 2223 1162 2363 1214; x_wconf 91' lang='lat' dir='ltr'>Muti</span> 
     </span>
     <span class='ocr_line' id='line_1_21' title="bbox 175 1255 2362 1325; baseline -0.003 -14"><span class='ocrx_word' id='word_1_124' title='bbox 175 1263 228 1312; x_wconf 91' lang='lat' dir='ltr'>et</span> <span class='ocrx_word' id='word_1_125' title='bbox 266 1259 423 1311; x_wconf 88' lang='lat' dir='ltr'>Bruti</span> <span class='ocrx_word' id='word_1_126' title='bbox 462 1258 730 1310; x_wconf 73' lang='lat' dir='ltr'>retrahere</span> <span class='ocrx_word' id='word_1_127' title='bbox 768 1257 972 1325; x_wconf 87' lang='lat' dir='ltr'>nequit.</span> <span class='ocrx_word' id='word_1_128' title='bbox 1048 1274 1173 1323; x_wconf 80' lang='lat' dir='ltr'>non,</span> <span class='ocrx_word' id='word_1_129' title='bbox 1215 1257 1261 1307; x_wconf 89' lang='lat' dir='ltr'>si</span> <span class='ocrx_word' id='word_1_130' title='bbox 1298 1274 1409 1308; x_wconf 90' lang='lat' dir='ltr'>non</span> <span class='ocrx_word' id='word_1_131' title='bbox 1448 1259 1674 1324; x_wconf 88' lang='lat' dir='ltr'>potuero</span> <span class='ocrx_word' id='word_1_132' title='bbox 1717 1255 1985 1325; x_wconf 77' lang='lat' dir='ltr'>indagare,</span> <span class='ocrx_word' id='word_1_133' title='bbox 2025 1272 2086 1305; x_wconf 95' lang='lat' dir='ltr'>eo</span> <span class='ocrx_word' id='word_1_134' title='bbox 2129 1271 2218 1305; x_wconf 94' lang='lat' dir='ltr'>ero</span> <span class='ocrx_word' id='word_1_135' title='bbox 2259 1256 2362 1304; x_wconf 93' lang='lat' dir='ltr'>tar-</span> 
     </span>
     <span class='ocr_line' id='line_1_22' title="bbox 175 1341 2363 1417; baseline -0.004 -16"><span class='ocrx_word' id='word_1_136' title='bbox 175 1350 305 1417; x_wconf 80' lang='lat' dir='ltr'>dior,</span> <span class='ocrx_word' id='word_1_137' title='bbox 357 1348 447 1401; x_wconf 90' lang='lat' dir='ltr'>sed</span> <span class='ocrx_word' id='word_1_138' title='bbox 486 1346 723 1400; x_wconf 83' lang='lat' dir='ltr'>velocior</span> <span class='ocrx_word' id='word_1_139' title='bbox 774 1346 908 1415; x_wconf 83' lang='lat' dir='ltr'>ideo⁷</span> <span class='ocrx_word' id='word_1_140' title='bbox 957 1346 1000 1397; x_wconf 88' lang='lat' dir='ltr'>si</span> <span class='ocrx_word' id='word_1_141' title='bbox 1042 1346 1275 1414; x_wconf 82' lang='lat' dir='ltr'>quivero.</span> <span class='ocrx_word' id='word_1_142' title='bbox 1354 1363 1464 1397; x_wconf 91' lang='lat' dir='ltr'>non</span> <span class='ocrx_word' id='word_1_143' title='bbox 1504 1344 1787 1397; x_wconf 90' lang='lat' dir='ltr'>mediocris</span> <span class='ocrx_word' id='word_1_144' title='bbox 1829 1345 1969 1395; x_wconf 87' lang='lat' dir='ltr'>enim</span> <span class='ocrx_word' id='word_1_145' title='bbox 2018 1343 2268 1396; x_wconf 73' lang='lat' dir='ltr'>tenebrae</span> <span class='ocrx_word' id='word_1_146' title='bbox 2308 1341 2363 1393; x_wconf 89' lang='lat' dir='ltr'>in</span> 
     </span>
     <span class='ocr_line' id='line_1_23' title="bbox 176 1431 2365 1504; baseline -0.003 -14"><span class='ocrx_word' id='word_1_147' title='bbox 176 1439 310 1491; x_wconf 87' lang='lat' dir='ltr'>silva</span> <span class='ocrx_word' id='word_1_148' title='bbox 349 1437 442 1490; x_wconf 92' lang='lat' dir='ltr'>ubi</span> <span class='ocrx_word' id='word_1_149' title='bbox 481 1437 612 1489; x_wconf 89' lang='lat' dir='ltr'>haec</span> <span class='ocrx_word' id='word_1_150' title='bbox 653 1436 914 1504; x_wconf 89' lang='lat' dir='ltr'>captanda</span> <span class='ocrx_word' id='word_1_151' title='bbox 953 1453 1125 1503; x_wconf 90' lang='lat' dir='ltr'>neque</span> <span class='ocrx_word' id='word_1_152' title='bbox 1166 1453 1228 1488; x_wconf 91' lang='lat' dir='ltr'>eo</span> <span class='ocrx_word' id='word_1_153' title='bbox 1270 1453 1375 1502; x_wconf 92' lang='lat' dir='ltr'>quo</span> <span class='ocrx_word' id='word_1_154' title='bbox 1417 1434 1694 1502; x_wconf 85' lang='lat' dir='ltr'>pervenire</span> <span class='ocrx_word' id='word_1_155' title='bbox 1726 1435 1973 1485; x_wconf 87' lang='lat' dir='ltr'>volumus</span> <span class='ocrx_word' id='word_1_156' title='bbox 2016 1434 2234 1484; x_wconf 86' lang='lat' dir='ltr'>semitae</span> <span class='ocrx_word' id='word_1_157' title='bbox 2272 1431 2365 1483; x_wconf 91' lang='lat' dir='ltr'>tri-</span> 
     </span>
     <span class='ocr_line' id='line_1_24' title="bbox 175 1521 2364 1597; baseline -0.004 -17"><span class='ocrx_word' id='word_1_158' title='bbox 175 1532 274 1597; x_wconf 70' lang='lat' dir='ltr'>tae,</span> <span class='ocrx_word' id='word_1_159' title='bbox 314 1545 486 1595; x_wconf 89' lang='lat' dir='ltr'>neque</span> <span class='ocrx_word' id='word_1_160' title='bbox 536 1544 647 1578; x_wconf 90' lang='lat' dir='ltr'>non</span> <span class='ocrx_word' id='word_1_161' title='bbox 698 1524 754 1576; x_wconf 90' lang='lat' dir='ltr'>in</span> <span class='ocrx_word' id='word_1_162' title='bbox 792 1525 1102 1577; x_wconf 86' lang='lat' dir='ltr'>tramitibus</span> <span class='ocrx_word' id='word_1_163' title='bbox 1145 1524 1405 1592; x_wconf 88' lang='lat' dir='ltr'>quaedam</span> <span class='ocrx_word' id='word_1_164' title='bbox 1447 1524 1656 1575; x_wconf 89' lang='lat' dir='ltr'>obiecta</span> <span class='ocrx_word' id='word_1_165' title='bbox 1697 1540 1831 1590; x_wconf 91' lang='lat' dir='ltr'>quae</span> <span class='ocrx_word' id='word_1_166' title='bbox 1871 1526 2086 1574; x_wconf 90' lang='lat' dir='ltr'>euntem</span> <span class='ocrx_word' id='word_1_167' title='bbox 2137 1521 2364 1573; x_wconf 87' lang='lat' dir='ltr'>retinere</span> 
     </span>
     <span class='ocr_line' id='line_1_25' title="bbox 173 1611 2363 1686; baseline -0.004 -18"><span class='ocrx_word' id='word_1_168' title='bbox 173 1620 415 1686; x_wconf 89' lang='lat' dir='ltr'>possent:</span> <span class='ocrx_word' id='word_1_169' title='bbox 458 1633 686 1683; x_wconf 92' lang='lat' dir='ltr'>quorum</span> <span class='ocrx_word' id='word_1_170' title='bbox 727 1614 1012 1666; x_wconf 83' lang='lat' dir='ltr'>verborum</span> <span class='ocrx_word' id='word_1_171' title='bbox 1052 1632 1315 1666; x_wconf 79' lang='lat' dir='ltr'>novorum</span> <span class='ocrx_word' id='word_1_172' title='bbox 1358 1632 1418 1665; x_wconf 84' lang='lat' dir='ltr'>ac</span> <span class='ocrx_word' id='word_1_173' title='bbox 1458 1616 1698 1664; x_wconf 83' lang='lat' dir='ltr'>veterum</span> <span class='ocrx_word' id='word_1_174' title='bbox 1740 1611 2002 1663; x_wconf 87' lang='lat' dir='ltr'>discordia</span> <span class='ocrx_word' id='word_1_175' title='bbox 2043 1611 2229 1662; x_wconf 81' lang='lat' dir='ltr'>omnis,</span> <span class='ocrx_word' id='word_1_176' title='bbox 2308 1611 2363 1661; x_wconf 91' lang='lat' dir='ltr'>in</span> 
     </span>
     <span class='ocr_line' id='line_1_26' title="bbox 175 1699 2366 1771; baseline -0.004 -13"><span class='ocrx_word' id='word_1_177' title='bbox 175 1704 560 1759; x_wconf 89' lang='lat' dir='ltr'>consuetudine</span> <span class='ocrx_word' id='word_1_178' title='bbox 602 1704 944 1771; x_wconf 82' lang='lat' dir='ltr'>com&lt;m&gt;uni</span> <span class='ocrx_word' id='word_1_179' title='bbox 986 1706 1118 1770; x_wconf 92' lang='lat' dir='ltr'>quot</span> <span class='ocrx_word' id='word_1_180' title='bbox 1165 1702 1338 1754; x_wconf 91' lang='lat' dir='ltr'>modis</span> <span class='ocrx_word' id='word_1_181' title='bbox 1379 1702 1682 1753; x_wconf 88' lang='lat' dir='ltr'>litterarum</span> <span class='ocrx_word' id='word_1_182' title='bbox 1724 1700 2073 1753; x_wconf 87' lang='lat' dir='ltr'>commutatio</span> <span class='ocrx_word' id='word_1_183' title='bbox 2116 1700 2186 1751; x_wconf 89' lang='lat' dir='ltr'>sit</span> <span class='ocrx_word' id='word_1_184' title='bbox 2223 1699 2366 1750; x_wconf 86' lang='lat' dir='ltr'>facta</span> 
     </span>
     <span class='ocr_line' id='line_1_27' title="bbox 175 1790 2365 1864; baseline -0.003 -17"><span class='ocrx_word' id='word_1_185' title='bbox 175 1795 265 1864; x_wconf 89' lang='lat' dir='ltr'>qui</span> <span class='ocrx_word' id='word_1_186' title='bbox 300 1793 750 1860; x_wconf 79' lang='lat' dir='ltr'>animadverterit,</span> <span class='ocrx_word' id='word_1_187' title='bbox 782 1792 994 1844; x_wconf 87' lang='lat' dir='ltr'>facilius</span> <span class='ocrx_word' id='word_1_188' title='bbox 1022 1791 1248 1845; x_wconf 89' lang='lat' dir='ltr'>scrutari</span> <span class='ocrx_word' id='word_1_189' title='bbox 1282 1791 1516 1861; x_wconf 80' lang='lat' dir='ltr'>origines</span> <span class='ocrx_word' id='word_1_190' title='bbox 1540 1790 1776 1859; x_wconf 88' lang='lat' dir='ltr'>patietur</span> <span class='ocrx_word' id='word_1_191' title='bbox 1801 1790 2106 1842; x_wconf 84' lang='lat' dir='ltr'>verborum:</span> <span class='ocrx_word' id='word_1_192' title='bbox 2139 1790 2365 1857; x_wconf 91' lang='lat' dir='ltr'>reperiet</span> 
     </span>
     <span class='ocr_line' id='line_1_28' title="bbox 174 1863 2366 1949; baseline -0.003 -13"><span class='ocrx_word' id='word_1_193' title='bbox 174 1884 315 1936; x_wconf 92' lang='lat' dir='ltr'>enim</span> <span class='ocrx_word' id='word_1_194' title='bbox 349 1901 461 1936; x_wconf 88' lang='grc'>0000</span> <span class='ocrx_word' id='word_1_195' title='bbox 487 1885 831 1949; x_wconf 78' lang='lat' dir='ltr'>commutata,</span> <span class='ocrx_word' id='word_1_196' title='bbox 863 1885 924 1933; x_wconf 92' lang='lat' dir='ltr'>ut</span> <span class='ocrx_word' id='word_1_197' title='bbox 956 1882 1012 1933; x_wconf 89' lang='lat' dir='ltr'>in</span> <span class='ocrx_word' id='word_1_198' title='bbox 1046 1881 1411 1949; x_wconf 87' lang='lat' dir='ltr'>superioribus</span> <span class='ocrx_word' id='word_1_199' title='bbox 1436 1880 1594 1931; x_wconf 83' lang='lat' dir='ltr'>libris</span> <span class='ocrx_word' id='word_1_200' title='bbox 1628 1880 1852 1948; x_wconf 80' lang='lat' dir='ltr'>ostendi,</span> <span class='ocrx_word' id='word_1_201' title='bbox 1884 1881 2115 1931; x_wconf 81' lang='lat' dir='ltr'>maxime</span> <span class='ocrx_word' id='word_1_202' title='bbox 2147 1863 2366 1947; x_wconf 86' lang='lat' dir='ltr'>propter</span> 
     </span>
     <span class='ocr_line' id='line_1_29' title="bbox 173 1968 2365 2041; baseline -0.003 -15"><span class='ocrx_word' id='word_1_203' title='bbox 173 1974 255 2026; x_wconf 91' lang='lat' dir='ltr'>bis</span> <span class='ocrx_word' id='word_1_204' title='bbox 298 1976 581 2041; x_wconf 89' lang='lat' dir='ltr'>quaternas</span> <span class='ocrx_word' id='word_1_205' title='bbox 623 1989 823 2024; x_wconf 90' lang='lat' dir='ltr'>causas.</span> <span class='ocrx_word' id='word_1_206' title='bbox 894 1971 1195 2022; x_wconf 89' lang='lat' dir='ltr'>litterarum</span> <span class='ocrx_word' id='word_1_207' title='bbox 1237 1970 1378 2022; x_wconf 85' lang='lat' dir='ltr'>enim</span> <span class='ocrx_word' id='word_1_208' title='bbox 1417 1971 1480 2021; x_wconf 89' lang='lat' dir='ltr'>fit</span> <span class='ocrx_word' id='word_1_209' title='bbox 1521 1970 1827 2037; x_wconf 83' lang='lat' dir='ltr'>demptione</span> <span class='ocrx_word' id='word_1_210' title='bbox 1869 1971 1961 2019; x_wconf 92' lang='lat' dir='ltr'>aut</span> <span class='ocrx_word' id='word_1_211' title='bbox 2001 1968 2272 2020; x_wconf 85' lang='lat' dir='ltr'>additione</span> <span class='ocrx_word' id='word_1_212' title='bbox 2313 1970 2365 2019; x_wconf 93' lang='lat' dir='ltr'>et</span> 
     </span>
     <span class='ocr_line' id='line_1_30' title="bbox 172 2057 2364 2132; baseline -0.003 -18"><span class='ocrx_word' id='word_1_213' title='bbox 172 2066 393 2132; x_wconf 90' lang='lat' dir='ltr'>propter</span> <span class='ocrx_word' id='word_1_214' title='bbox 425 2080 607 2114; x_wconf 91' lang='lat' dir='ltr'>earum</span> <span class='ocrx_word' id='word_1_215' title='bbox 639 2060 1188 2129; x_wconf 80' lang='lat' dir='ltr'>tra&lt;ie&gt;c[ta]tionem</span> <span class='ocrx_word' id='word_1_216' title='bbox 1223 2063 1316 2111; x_wconf 93' lang='lat' dir='ltr'>aut</span> <span class='ocrx_word' id='word_1_217' title='bbox 1351 2059 1840 2126; x_wconf 77' lang='lat' dir='ltr'>commutationem,</span> <span class='ocrx_word' id='word_1_218' title='bbox 1873 2059 2002 2110; x_wconf 92' lang='lat' dir='ltr'>item</span> <span class='ocrx_word' id='word_1_219' title='bbox 2036 2057 2364 2126; x_wconf 86' lang='lat' dir='ltr'>syllabarum</span> 
     </span>
     <span class='ocr_line' id='line_1_31' title="bbox 173 2147 2364 2220; baseline -0.003 -16"><span class='ocrx_word' id='word_1_220' title='bbox 173 2151 596 2220; x_wconf 79' lang='lat' dir='ltr'>†productione3</span> <span class='ocrx_word' id='word_1_221' title='bbox 656 2169 791 2218; x_wconf 89' lang='lat' dir='ltr'>quae</span> <span class='ocrx_word' id='word_1_222' title='bbox 853 2151 1106 2218; x_wconf 89' lang='lat' dir='ltr'>quoniam</span> <span class='ocrx_word' id='word_1_223' title='bbox 1167 2150 1224 2201; x_wconf 92' lang='lat' dir='ltr'>in</span> <span class='ocrx_word' id='word_1_224' title='bbox 1280 2149 1646 2217; x_wconf 87' lang='lat' dir='ltr'>superioribus</span> <span class='ocrx_word' id='word_1_225' title='bbox 1705 2148 1858 2199; x_wconf 86' lang='lat' dir='ltr'>libris</span> <span class='ocrx_word' id='word_1_226' title='bbox 1919 2147 2364 2216; x_wconf 86' lang='lat' dir='ltr'>[qui]cuiusmodi</span> 
     </span>
     <span class='ocr_line' id='line_1_32' title="bbox 174 2238 2363 2308; baseline -0.002 -15"><span class='ocrx_word' id='word_1_227' title='bbox 174 2244 349 2293; x_wconf 84' lang='lat' dir='ltr'>essent</span> <span class='ocrx_word' id='word_1_228' title='bbox 381 2239 638 2308; x_wconf 81' lang='lat' dir='ltr'>exemplis</span> <span class='ocrx_word' id='word_1_229' title='bbox 674 2240 803 2291; x_wconf 91' lang='lat' dir='ltr'>satis</span> <span class='ocrx_word' id='word_1_230' title='bbox 837 2239 1217 2306; x_wconf 78' lang='lat' dir='ltr'>demonstravi7</span> <span class='ocrx_word' id='word_1_231' title='bbox 1248 2238 1338 2290; x_wconf 85' lang='lat' dir='ltr'>hic</span> <span class='ocrx_word' id='word_1_232' title='bbox 1370 2238 1784 2290; x_wconf 89' lang='lat' dir='ltr'>ammonendum</span> <span class='ocrx_word' id='word_1_233' title='bbox 1818 2256 1932 2289; x_wconf 92' lang='lat' dir='ltr'>esse</span> <span class='ocrx_word' id='word_1_234' title='bbox 1964 2238 2122 2289; x_wconf 90' lang='lat' dir='ltr'>modo</span> <span class='ocrx_word' id='word_1_235' title='bbox 2164 2238 2363 2305; x_wconf 84' lang='lat' dir='ltr'>putavi.</span> 
     </span>
     <span class='ocr_line' id='line_1_33' title="bbox 172 2328 2363 2399; baseline -0.002 -16"><span class='ocrx_word' id='word_1_236' title='bbox 172 2347 315 2383; x_wconf 91' lang='lat' dir='ltr'>nunc</span> <span class='ocrx_word' id='word_1_237' title='bbox 366 2329 701 2399; x_wconf 89' lang='lat' dir='ltr'>singulorum</span> <span class='ocrx_word' id='word_1_238' title='bbox 740 2329 1025 2380; x_wconf 86' lang='lat' dir='ltr'>verborum</span> <span class='ocrx_word' id='word_1_239' title='bbox 1079 2328 1313 2396; x_wconf 80' lang='lat' dir='ltr'>origines</span> <span class='ocrx_word' id='word_1_240' title='bbox 1366 2328 1662 2396; x_wconf 75' lang='lat' dir='ltr'>expediam,</span> <span class='ocrx_word' id='word_1_241' title='bbox 1716 2346 1943 2395; x_wconf 87' lang='lat' dir='ltr'>quorum</span> <span class='ocrx_word' id='word_1_242' title='bbox 1985 2330 2240 2395; x_wconf 89' lang='lat' dir='ltr'>quattuor</span> <span class='ocrx_word' id='word_1_243' title='bbox 2280 2345 2363 2378; x_wconf 84' lang='lat' dir='ltr'>ex-</span> 
     </span>
     <span class='ocr_line' id='line_1_34' title="bbox 175 2416 2363 2488; baseline -0.002 -17"><span class='ocrx_word' id='word_1_244' title='bbox 175 2419 428 2488; x_wconf 89' lang='lat' dir='ltr'>planandi</span> <span class='ocrx_word' id='word_1_245' title='bbox 479 2418 690 2488; x_wconf 88' lang='lat' dir='ltr'>gradus.</span> <span class='ocrx_word' id='word_1_246' title='bbox 769 2418 984 2470; x_wconf 88' lang='lat' dir='ltr'>infimus</span> <span class='ocrx_word' id='word_1_247' title='bbox 1041 2417 1144 2486; x_wconf 88' lang='lat' dir='ltr'>[in]</span> <span class='ocrx_word' id='word_1_248' title='bbox 1200 2436 1304 2485; x_wconf 92' lang='lat' dir='ltr'>quo</span> <span class='ocrx_word' id='word_1_249' title='bbox 1356 2417 1589 2485; x_wconf 89' lang='lat' dir='ltr'>populus</span> <span class='ocrx_word' id='word_1_250' title='bbox 1630 2417 1792 2469; x_wconf 89' lang='lat' dir='ltr'>etiam</span> <span class='ocrx_word' id='word_1_251' title='bbox 1831 2416 1999 2469; x_wconf 82' lang='lat' dir='ltr'>venit:</span> <span class='ocrx_word' id='word_1_252' title='bbox 2053 2417 2171 2485; x_wconf 90' lang='lat' dir='ltr'>quis</span> <span class='ocrx_word' id='word_1_253' title='bbox 2225 2417 2363 2468; x_wconf 89' lang='lat' dir='ltr'>enim</span> 
     </span>
     <span class='ocr_line' id='line_1_35' title="bbox 175 2506 2363 2577; baseline -0.002 -17"><span class='ocrx_word' id='word_1_254' title='bbox 175 2527 286 2561; x_wconf 90' lang='lat' dir='ltr'>non</span> <span class='ocrx_word' id='word_1_255' title='bbox 338 2508 485 2560; x_wconf 85' lang='lat' dir='ltr'>videt</span> <span class='ocrx_word' id='word_1_256' title='bbox 546 2507 686 2559; x_wconf 91' lang='lat' dir='ltr'>unde</span> <span class='ocrx_word' id='word_1_257' title='bbox 742 2507 1392 2577; x_wconf 80' lang='lat' dir='ltr'>ar&lt;g&gt;e&lt;n&gt;tofodin&lt;a&gt;e</span> <span class='ocrx_word' id='word_1_258' title='bbox 1449 2510 1501 2558; x_wconf 89' lang='lat' dir='ltr'>et</span> <span class='ocrx_word' id='word_1_259' title='bbox 1557 2506 1843 2558; x_wconf 78' lang='lat' dir='ltr'>viocurus‘?</span> <span class='ocrx_word' id='word_1_260' title='bbox 1938 2506 2200 2557; x_wconf 92' lang='lat' dir='ltr'>secundus</span> <span class='ocrx_word' id='word_1_261' title='bbox 2258 2523 2363 2574; x_wconf 91' lang='lat' dir='ltr'>quo</span> 
     </span>
     <span class='ocr_line' id='line_1_36' title="bbox 175 2595 2364 2669; baseline -0.001 -20"><span class='ocrx_word' id='word_1_262' title='bbox 175 2598 523 2669; x_wconf 89' lang='lat' dir='ltr'>grammatica</span> <span class='ocrx_word' id='word_1_263' title='bbox 564 2597 836 2649; x_wconf 89' lang='lat' dir='ltr'>descendit</span> <span class='ocrx_word' id='word_1_264' title='bbox 876 2596 1119 2664; x_wconf 83' lang='lat' dir='ltr'>antiqua,</span> <span class='ocrx_word' id='word_1_265' title='bbox 1161 2613 1296 2663; x_wconf 90' lang='lat' dir='ltr'>quae</span> <span class='ocrx_word' id='word_1_266' title='bbox 1337 2595 1585 2663; x_wconf 82' lang='lat' dir='ltr'>ostendit,</span> <span class='ocrx_word' id='word_1_267' title='bbox 1628 2595 2075 2663; x_wconf 88' lang='lat' dir='ltr'>quemadmodum</span> <span class='ocrx_word' id='word_1_268' title='bbox 2116 2595 2364 2663; x_wconf 89' lang='lat' dir='ltr'>quodque</span> 
     </span>
     <span class='ocr_line' id='line_1_37' title="bbox 174 2684 2365 2756; baseline -0.002 -17"><span class='ocrx_word' id='word_1_269' title='bbox 174 2690 335 2756; x_wconf 92' lang='lat' dir='ltr'>poeta</span> <span class='ocrx_word' id='word_1_270' title='bbox 383 2686 600 2738; x_wconf 83' lang='lat' dir='ltr'>finxerit</span> <span class='ocrx_word' id='word_1_271' title='bbox 646 2686 885 2754; x_wconf 80' lang='lat' dir='ltr'>verbum,</span> <span class='ocrx_word' id='word_1_272' title='bbox 937 2685 1256 2753; x_wconf 80' lang='lat' dir='ltr'>quod&lt;que&gt;</span> <span class='ocrx_word' id='word_1_273' title='bbox 1308 2684 1640 2753; x_wconf 71' lang='lat' dir='ltr'>confinxerit,</span> <span class='ocrx_word' id='word_1_274' title='bbox 1693 2685 2012 2752; x_wconf 83' lang='lat' dir='ltr'>quod&lt;que&gt;</span> <span class='ocrx_word' id='word_1_275' title='bbox 2064 2684 2365 2753; x_wconf 79' lang='lat' dir='ltr'>declinarit3</span> 
     </span>
     <span class='ocr_line' id='line_1_38' title="bbox 175 2773 2366 2842; baseline -0.001 -15"><span class='ocrx_word' id='word_1_276' title='bbox 175 2776 262 2828; x_wconf 91' lang='lat' dir='ltr'>hic</span> <span class='ocrx_word' id='word_1_277' title='bbox 301 2774 487 2827; x_wconf 88' lang='lat' dir='ltr'>Pacui:</span> <span class='ocrx_word' id='word_1_278' title='bbox 537 2775 842 2827; x_wconf 78' lang='lat' dir='ltr'>‘rudentum</span> <span class='ocrx_word' id='word_1_279' title='bbox 892 2774 1101 2826; x_wconf 82' lang='lat' dir='ltr'>sibilus’</span> <span class='ocrx_word' id='word_1_280' title='bbox 1143 2774 1274 2842; x_wconf 81' lang='lat'><em>(336</em></span> <span class='ocrx_word' id='word_1_281' title='bbox 1306 2774 1420 2842; x_wconf 76' lang='lat' dir='ltr'>R),</span> <span class='ocrx_word' id='word_1_282' title='bbox 1471 2773 1580 2826; x_wconf 87' lang='lat' dir='ltr'>hic:</span> <span class='ocrx_word' id='word_1_283' title='bbox 1635 2773 2131 2827; x_wconf 75' lang='lat' dir='ltr'>‘incurvicervicum</span> <span class='ocrx_word' id='word_1_284' title='bbox 2182 2773 2366 2841; x_wconf 84' lang='lat' dir='ltr'>pecus&#39;</span> 
     </span>
    </p>
   </div>
   <div class='ocr_carea' id='block_1_13' title="bbox 177 2862 2364 2934">
    <p class='ocr_par' dir='ltr' id='par_1_13' title="bbox 177 2862 2364 2934">
     <span class='ocr_line' id='line_1_39' title="bbox 177 2862 2364 2934; baseline -0.001 -18"><span class='ocrx_word' id='word_1_285' title='bbox 177 2865 309 2934; x_wconf 76' lang='lat'><em>(408</em></span> <span class='ocrx_word' id='word_1_286' title='bbox 333 2864 441 2932; x_wconf 75' lang='lat' dir='ltr'>R),</span> <span class='ocrx_word' id='word_1_287' title='bbox 478 2864 589 2917; x_wconf 87' lang='lat' dir='ltr'>hic:</span> <span class='ocrx_word' id='word_1_288' title='bbox 632 2864 876 2916; x_wconf 71' lang='lat' dir='ltr'>‘clamide</span> <span class='ocrx_word' id='word_1_289' title='bbox 917 2864 1129 2932; x_wconf 84' lang='lat' dir='ltr'>clupeat</span> <span class='ocrx_word' id='word_1_290' title='bbox 1167 2863 1568 2932; x_wconf 83' lang='lat' dir='ltr'>b&lt;r&gt;acchium&#39;</span> <span class='ocrx_word' id='word_1_291' title='bbox 1603 2863 1731 2931; x_wconf 73' lang='lat'><em>(186</em></span> <span class='ocrx_word' id='word_1_292' title='bbox 1757 2863 1861 2931; x_wconf 74' lang='lat' dir='ltr'>R).</span> <span class='ocrx_word' id='word_1_293' title='bbox 1924 2862 2115 2915; x_wconf 88' lang='lat' dir='ltr'>tertius</span> <span class='ocrx_word' id='word_1_294' title='bbox 2153 2862 2364 2931; x_wconf 84' lang='lat' dir='ltr'>gradus⁷</span> 
     </span>
    </p>
   </div>
   <div class='ocr_carea' id='block_1_14' title="bbox 175 2954 530 2962">
    <p class='ocr_par' dir='ltr' id='par_1_14' title="bbox 175 2954 530 2962">
     <span class='ocr_line' id='line_1_40' title="bbox 175 2954 530 2962; baseline 0 1236"><span class='ocrx_word' id='word_1_295' title='bbox 175 2954 530 2962; x_wconf 95' lang='lat' dir='ltr'> </span> 
     </span>
    </p>
   </div>
   <div class='ocr_carea' id='block_1_15' title="bbox 176 2993 2364 3233">
    <p class='ocr_par' dir='ltr' id='par_1_15' title="bbox 176 2993 2364 3233">
     <span class='ocr_line' id='line_1_41' title="bbox 327 2993 2361 3052; baseline -0.001 -13"><span class='ocrx_word' id='word_1_296' title='bbox 327 3002 349 3039; x_wconf 88' lang='lat'>1</span> <span class='ocrx_word' id='word_1_297' title='bbox 367 3011 429 3052; x_wconf 78' lang='lat' dir='ltr'>sq.</span> <span class='ocrx_word' id='word_1_298' title='bbox 467 2996 535 3050; x_wconf 83' lang='lat' dir='ltr'>Cf.</span> <span class='ocrx_word' id='word_1_299' title='bbox 555 2996 661 3039; x_wconf 91' lang='lat' dir='ltr'>VII</span> <span class='ocrx_word' id='word_1_300' title='bbox 677 2999 761 3050; x_wconf 73' lang='lat'>495</span> <span class='ocrx_word' id='word_1_301' title='bbox 795 2996 844 3039; x_wconf 85' lang='lat' dir='ltr'><strong><em>F</em></strong></span> <span class='ocrx_word' id='word_1_302' title='bbox 842 3001 916 3040; x_wconf 80' lang='lat' dir='ltr'>est.</span> <span class='ocrx_word' id='word_1_303' title='bbox 937 2996 1083 3039; x_wconf 74' lang='lat' dir='ltr'>Pauli</span> <span class='ocrx_word' id='word_1_304' title='bbox 1107 2999 1181 3049; x_wconf 82' lang='lat'>66,</span> <span class='ocrx_word' id='word_1_305' title='bbox 1200 2998 1271 3038; x_wconf 85' lang='lat'>17.</span> <span class='ocrx_word' id='word_1_306' title='bbox 1306 2997 1412 3049; x_wconf 73' lang='grc'>102,</span> <span class='ocrx_word' id='word_1_307' title='bbox 1433 2997 1460 3038; x_wconf 82' lang='grc'><strong><em>7</em></strong></span> <span class='ocrx_word' id='word_1_308' title='bbox 1494 2993 1658 3050; x_wconf 87' lang='lat' dir='ltr'>(hostis</span> <span class='ocrx_word' id='word_1_309' title='bbox 1684 2995 1809 3050; x_wconf 86' lang='lat' dir='ltr'>apud</span> <span class='ocrx_word' id='word_1_310' title='bbox 1844 2994 2062 3049; x_wconf 89' lang='lat' dir='ltr'>antiquos</span> <span class='ocrx_word' id='word_1_311' title='bbox 2088 2993 2361 3050; x_wconf 86' lang='lat' dir='ltr'>peregrinus</span> 
     </span>
     <span class='ocr_line' id='line_1_42' title="bbox 176 3054 2360 3112; baseline -0.002 -13"><span class='ocrx_word' id='word_1_312' title='bbox 176 3056 432 3108; x_wconf 76' lang='lat' dir='ltr'>dicebatur,</span> <span class='ocrx_word' id='word_1_313' title='bbox 467 3057 514 3098; x_wconf 89' lang='lat' dir='ltr'>et</span> <span class='ocrx_word' id='word_1_314' title='bbox 545 3055 626 3110; x_wconf 89' lang='lat' dir='ltr'>qui</span> <span class='ocrx_word' id='word_1_315' title='bbox 657 3070 781 3099; x_wconf 90' lang='lat' dir='ltr'>nunc</span> <span class='ocrx_word' id='word_1_316' title='bbox 813 3055 975 3109; x_wconf 77' lang='lat' dir='ltr'>hostis,</span> <span class='ocrx_word' id='word_1_317' title='bbox 1007 3054 1270 3110; x_wconf 84' lang='lat' dir='ltr'>perduellio</span> <span class='ocrx_word' id='word_1_318' title='bbox 1290 3054 1387 3112; x_wconf 80' lang='lat'>[!]);</span> <span class='ocrx_word' id='word_1_319' title='bbox 1421 3054 1510 3099; x_wconf 84' lang='lat' dir='ltr'>Cic.</span> <span class='ocrx_word' id='word_1_320' title='bbox 1545 3055 1598 3097; x_wconf 80' lang='lat' dir='ltr'>de</span> <span class='ocrx_word' id='word_1_321' title='bbox 1630 3055 1704 3108; x_wconf 76' lang='lat' dir='ltr'>off.</span> <span class='ocrx_word' id='word_1_322' title='bbox 1725 3056 1759 3097; x_wconf 92' lang='lat' dir='ltr'><strong><em>I</em></strong></span> <span class='ocrx_word' id='word_1_323' title='bbox 1769 3057 1829 3097; x_wconf 85' lang='lat'>37</span> <span class='ocrx_word' id='word_1_324' title='bbox 1839 3072 1854 3108; x_wconf 87' lang='grc'>,·</span> <span class='ocrx_word' id='word_1_325' title='bbox 1886 3055 2007 3099; x_wconf 81' lang='lat' dir='ltr'>Serv.</span> <span class='ocrx_word' id='word_1_326' title='bbox 2026 3055 2153 3098; x_wconf 72' lang='lat' dir='ltr'>Dan.</span> <span class='ocrx_word' id='word_1_327' title='bbox 2180 3055 2231 3096; x_wconf 71' lang='lat' dir='ltr'>iri</span> <span class='ocrx_word' id='word_1_328' title='bbox 2247 3055 2360 3097; x_wconf 71' lang='lat' dir='ltr'>Aen.</span> 
     </span>
     <span class='ocr_line' id='line_1_43' title="bbox 176 3112 2362 3170; baseline -0.002 -11"><span class='ocrx_word' id='word_1_329' title='bbox 176 3116 258 3159; x_wconf 88' lang='lat' dir='ltr'>IV</span> <span class='ocrx_word' id='word_1_330' title='bbox 274 3118 390 3169; x_wconf 78' lang='lat'><em>424;</em></span> <span class='ocrx_word' id='word_1_331' title='bbox 424 3116 573 3159; x_wconf 81' lang='lat' dir='ltr'>Maer.</span> <span class='ocrx_word' id='word_1_332' title='bbox 608 3117 644 3159; x_wconf 88' lang='lat' dir='ltr'><strong><em>I</em></strong></span> <span class='ocrx_word' id='word_1_333' title='bbox 669 3119 742 3169; x_wconf 83' lang='lat'>16,</span> <span class='ocrx_word' id='word_1_334' title='bbox 768 3119 850 3169; x_wconf 74' lang='lat'>14;</span> <span class='ocrx_word' id='word_1_335' title='bbox 893 3115 994 3159; x_wconf 82' lang='lat' dir='ltr'>GL.</span> <span class='ocrx_word' id='word_1_336' title='bbox 1030 3116 1058 3158; x_wconf 88' lang='lat'><em>1</em></span> <span class='ocrx_word' id='word_1_337' title='bbox 1080 3118 1186 3167; x_wconf 81' lang='lat'><strong><em>211,</em></strong></span> <span class='ocrx_word' id='word_1_338' title='bbox 1205 3118 1265 3157; x_wconf 86' lang='grc'>18</span> <span class='ocrx_word' id='word_1_339' title='bbox 1306 3117 1407 3169; x_wconf 90' lang='lat' dir='ltr'>(per</span> <span class='ocrx_word' id='word_1_340' title='bbox 1438 3127 1521 3170; x_wconf 87' lang='lat' dir='ltr'>pro</span> <span class='ocrx_word' id='word_1_341' title='bbox 1561 3127 1802 3169; x_wconf 83' lang='lat' dir='ltr'>perquam,</span> <span class='ocrx_word' id='word_1_342' title='bbox 1835 3113 1984 3168; x_wconf 81' lang='lat' dir='ltr'>valde,</span> <span class='ocrx_word' id='word_1_343' title='bbox 2018 3115 2072 3156; x_wconf 92' lang='lat' dir='ltr'>ut</span> <span class='ocrx_word' id='word_1_344' title='bbox 2101 3112 2362 3169; x_wconf 85' lang='lat' dir='ltr'>perduellio</span> 
     </span>
     <span class='ocr_line' id='line_1_44' title="bbox 177 3172 2364 3233; baseline -0.001 -16"><span class='ocrx_word' id='word_1_345' title='bbox 177 3175 325 3233; x_wconf 90' lang='lat' dir='ltr'>[nem]</span> <span class='ocrx_word' id='word_1_346' title='bbox 357 3188 583 3231; x_wconf 90' lang='lat' dir='ltr'>perquam</span> <span class='ocrx_word' id='word_1_347' title='bbox 616 3173 791 3218; x_wconf 91' lang='lat' dir='ltr'>duellio</span> <span class='ocrx_word' id='word_1_348' title='bbox 826 3176 872 3218; x_wconf 87' lang='lat' dir='ltr'>et</span> <span class='ocrx_word' id='word_1_349' title='bbox 905 3173 1233 3232; x_wconf 73' lang='lat' dir='ltr'>(perduellis)</span> <span class='ocrx_word' id='word_1_350' title='bbox 1266 3173 1515 3229; x_wconf 86' lang='lat' dir='ltr'>plusquam</span> <span class='ocrx_word' id='word_1_351' title='bbox 1549 3174 1795 3230; x_wconf 87' lang='lat' dir='ltr'>[perquam</span> <span class='ocrx_word' id='word_1_352' title='bbox 1820 3173 1947 3231; x_wconf 81' lang='lat' dir='ltr'>Keil]</span> <span class='ocrx_word' id='word_1_353' title='bbox 1980 3172 2127 3216; x_wconf 87' lang='lat' dir='ltr'>hostis</span> <span class='ocrx_word' id='word_1_354' title='bbox 2161 3187 2193 3216; x_wconf 88' lang='lat' dir='ltr'>e.</span> <span class='ocrx_word' id='word_1_355' title='bbox 2221 3187 2257 3228; x_wconf 78' lang='lat' dir='ltr'>q.</span> <span class='ocrx_word' id='word_1_356' title='bbox 2284 3173 2337 3228; x_wconf 86' lang='lat' dir='ltr'>s.)</span> <span class='ocrx_word' id='word_1_357' title='bbox 2348 3189 2364 3225; x_wconf 89' lang='lat'><em>;</em></span> 
     </span>
    </p>
   </div>
   <div class='ocr_carea' id='block_1_16' title="bbox 182 3232 2364 3291">
    <p class='ocr_par' dir='ltr' id='par_1_16' title="bbox 182 3232 2364 3291">
     <span class='ocr_line' id='line_1_45' title="bbox 182 3232 2364 3291; baseline -0.002 -13"><span class='ocrx_word' id='word_1_358' title='bbox 182 3234 277 3279; x_wconf 73' lang='lat' dir='ltr'>TG.</span> <span class='ocrx_word' id='word_1_359' title='bbox 303 3248 339 3278; x_wconf 89' lang='lat' dir='ltr'>s.</span> <span class='ocrx_word' id='word_1_360' title='bbox 354 3233 539 3290; x_wconf 88' lang='lat' dir='ltr'>Agonia</span> <span class='ocrx_word' id='word_1_361' title='bbox 563 3236 576 3290; x_wconf 84' lang='grc' dir='ltr'>ΙΙ</span> <span class='ocrx_word' id='word_1_362' title='bbox 601 3238 658 3277; x_wconf 93' lang='grc'>20</span> <span class='ocrx_word' id='word_1_363' title='bbox 693 3234 761 3288; x_wconf 81' lang='lat' dir='ltr'>Cf.</span> <span class='ocrx_word' id='word_1_364' title='bbox 776 3236 849 3279; x_wconf 92' lang='lat' dir='ltr'>VI</span> <span class='ocrx_word' id='word_1_365' title='bbox 865 3238 896 3278; x_wconf 77' lang='lat'><em>2</em></span> <span class='ocrx_word' id='word_1_366' title='bbox 914 3235 1242 3289; x_wconf 68' lang='lat' dir='ltr'>(Reitzenstein</span> <span class='ocrx_word' id='word_1_367' title='bbox 1263 3233 1439 3277; x_wconf 62' lang='lat' dir='ltr'>‘Gesch</span> <span class='ocrx_word' id='word_1_368' title='bbox 1459 3234 1501 3276; x_wconf 82' lang='lat' dir='ltr'>d</span> <span class='ocrx_word' id='word_1_369' title='bbox 1519 3248 1585 3290; x_wconf 75' lang='lat' dir='ltr'>yr.</span> <span class='ocrx_word' id='word_1_370' title='bbox 1605 3234 1760 3291; x_wconf 78' lang='lat' dir='ltr'>Etym.</span> <span class='ocrx_word' id='word_1_371' title='bbox 1769 3233 1780 3253; x_wconf 74' lang='lat'>²</span> <span class='ocrx_word' id='word_1_372' title='bbox 1802 3237 1895 3276; x_wconf 84' lang='grc'>187</span> <span class='ocrx_word' id='word_1_373' title='bbox 1890 3236 1914 3288; x_wconf 88' lang='lat'><em>)</em></span> <span class='ocrx_word' id='word_1_374' title='bbox 1949 3234 1961 3289; x_wconf 81' lang='grc' dir='ltr'>Η</span> <span class='ocrx_word' id='word_1_375' title='bbox 1994 3237 2050 3275; x_wconf 87' lang='grc'>26</span> <span class='ocrx_word' id='word_1_376' title='bbox 2078 3232 2146 3286; x_wconf 83' lang='lat' dir='ltr'>Cf.</span> <span class='ocrx_word' id='word_1_377' title='bbox 2161 3233 2293 3276; x_wconf 90' lang='lat' dir='ltr'><strong><em>VIII</em></strong></span> <span class='ocrx_word' id='word_1_378' title='bbox 2304 3234 2364 3274; x_wconf 73' lang='lat'>62</span> 
     </span>
    </p>
   </div>
   <div class='ocr_carea' id='block_1_17' title="bbox 175 3313 531 3321">
    <p class='ocr_par' dir='ltr' id='par_1_17' title="bbox 175 3313 531 3321">
     <span class='ocr_line' id='line_1_46' title="bbox 175 3313 531 3321; baseline 0 877"><span class='ocrx_word' id='word_1_379' title='bbox 175 3313 531 3321; x_wconf 95' lang='lat' dir='ltr'> </span> 
     </span>
    </p>
   </div>
   <div class='ocr_carea' id='block_1_18' title="bbox 175 3349 2363 3707">
    <p class='ocr_par' dir='ltr' id='par_1_18' title="bbox 175 3349 2363 3707">
     <span class='ocr_line' id='line_1_47' title="bbox 326 3349 2363 3410; baseline -0.001 -15"><span class='ocrx_word' id='word_1_380' title='bbox 326 3358 351 3395; x_wconf 82' lang='lat'>5</span> <span class='ocrx_word' id='word_1_381' title='bbox 378 3367 468 3408; x_wconf 92' lang='lat' dir='ltr'>que</span> <span class='ocrx_word' id='word_1_382' title='bbox 501 3351 696 3395; x_wconf 88' lang='lat' dir='ltr'>dicimus</span> <span class='ocrx_word' id='word_1_383' title='bbox 728 3352 858 3397; x_wconf 87' lang='lat' dir='ltr'>ineos</span> <span class='ocrx_word' id='word_1_384' title='bbox 885 3354 898 3409; x_wconf 84' lang='grc' dir='ltr'>ΙΙ</span> <span class='ocrx_word' id='word_1_385' title='bbox 924 3356 946 3394; x_wconf 83' lang='lat'><strong>7</strong></span> <span class='ocrx_word' id='word_1_386' title='bbox 973 3366 1090 3408; x_wconf 83' lang='lat' dir='ltr'>pons</span> <span class='ocrx_word' id='word_1_387' title='bbox 1124 3354 1137 3409; x_wconf 81' lang='grc' dir='ltr'>ΙΙ</span> <span class='ocrx_word' id='word_1_388' title='bbox 1170 3357 1194 3394; x_wconf 79' lang='grc'><strong>9</strong></span> <span class='ocrx_word' id='word_1_389' title='bbox 1220 3351 1473 3410; x_wconf 66' lang='lat' dir='ltr'>formossssu</span> <span class='ocrx_word' id='word_1_390' title='bbox 1506 3353 1582 3407; x_wconf 90' lang='lat' dir='ltr'>(er.</span> <span class='ocrx_word' id='word_1_391' title='bbox 1600 3353 1647 3408; x_wconf 92' lang='lat' dir='ltr'>n)</span> <span class='ocrx_word' id='word_1_392' title='bbox 1682 3353 1695 3408; x_wconf 87' lang='grc' dir='ltr'>ΙΙ</span> <span class='ocrx_word' id='word_1_393' title='bbox 1728 3356 1779 3394; x_wconf 95' lang='grc'>11</span> <span class='ocrx_word' id='word_1_394' title='bbox 1808 3352 1898 3396; x_wconf 76' lang='lat' dir='ltr'>dist</span> <span class='ocrx_word' id='word_1_395' title='bbox 1918 3352 2049 3397; x_wconf 74' lang='lat' dir='ltr'>Turn</span> <span class='ocrx_word' id='word_1_396' title='bbox 2076 3351 2081 3410; x_wconf 72' lang='grc' dir='ltr'>Ι</span> <span class='ocrx_word' id='word_1_397' title='bbox 2109 3350 2275 3407; x_wconf 86' lang='lat' dir='ltr'>fugiua</span> <span class='ocrx_word' id='word_1_398' title='bbox 2308 3349 2363 3406; x_wconf 89' lang='lat' dir='ltr'>(ti</span> 
     </span>
     <span class='ocr_line' id='line_1_48' title="bbox 175 3410 2362 3470; baseline -0.002 -13"><span class='ocrx_word' id='word_1_399' title='bbox 175 3427 400 3470; x_wconf 74' lang='lat' dir='ltr'>suprascr.</span> <span class='ocrx_word' id='word_1_400' title='bbox 428 3427 487 3456; x_wconf 84' lang='lat' dir='ltr'>m.</span> <span class='ocrx_word' id='word_1_401' title='bbox 516 3412 753 3468; x_wconf 78' lang='lat' dir='ltr'>posterior)</span> <span class='ocrx_word' id='word_1_402' title='bbox 786 3414 800 3469; x_wconf 79' lang='grc' dir='ltr'>ΙΙ</span> <span class='ocrx_word' id='word_1_403' title='bbox 834 3417 886 3455; x_wconf 89' lang='grc'>12</span> <span class='ocrx_word' id='word_1_404' title='bbox 921 3411 1135 3468; x_wconf 86' lang='lat' dir='ltr'>indigare</span> <span class='ocrx_word' id='word_1_405' title='bbox 1169 3413 1213 3468; x_wconf 81' lang='lat' dir='ltr'>(a</span> <span class='ocrx_word' id='word_1_406' title='bbox 1246 3412 1358 3469; x_wconf 71' lang='lat' dir='ltr'>[riori</span> <span class='ocrx_word' id='word_1_407' title='bbox 1389 3412 1437 3469; x_wconf 84' lang='grc'>(1]</span> <span class='ocrx_word' id='word_1_408' title='bbox 1470 3424 1614 3466; x_wconf 80' lang='lat' dir='ltr'>supra</span> <span class='ocrx_word' id='word_1_409' title='bbox 1645 3410 1662 3453; x_wconf 88' lang='lat' dir='ltr'>i</span> <span class='ocrx_word' id='word_1_410' title='bbox 1693 3425 1775 3455; x_wconf 84' lang='lat' dir='ltr'>ser.</span> <span class='ocrx_word' id='word_1_411' title='bbox 1805 3424 1906 3456; x_wconf 83' lang='lat' dir='ltr'>corr</span> <span class='ocrx_word' id='word_1_412' title='bbox 1928 3425 1984 3454; x_wconf 85' lang='lat' dir='ltr'>m.</span> <span class='ocrx_word' id='word_1_413' title='bbox 2010 3412 2058 3467; x_wconf 77' lang='lat'>2)</span> <span class='ocrx_word' id='word_1_414' title='bbox 2090 3412 2104 3466; x_wconf 73' lang='grc' dir='ltr'>ΙΙ</span> <span class='ocrx_word' id='word_1_415' title='bbox 2138 3415 2190 3452; x_wconf 86' lang='grc'>13</span> <span class='ocrx_word' id='word_1_416' title='bbox 2225 3424 2251 3464; x_wconf 80' lang='lat' dir='ltr'>q</span> <span class='ocrx_word' id='word_1_417' title='bbox 2286 3422 2362 3453; x_wconf 90' lang='lat' dir='ltr'>ero</span> 
     </span>
     <span class='ocr_line' id='line_1_49' title="bbox 177 3468 2357 3529; baseline -0.003 -13"><span class='ocrx_word' id='word_1_418' title='bbox 177 3473 221 3528; x_wconf 85' lang='lat' dir='ltr'>(v</span> <span class='ocrx_word' id='word_1_419' title='bbox 250 3486 394 3529; x_wconf 82' lang='lat' dir='ltr'>supra</span> <span class='ocrx_word' id='word_1_420' title='bbox 424 3486 508 3517; x_wconf 87' lang='lat' dir='ltr'>ser.</span> <span class='ocrx_word' id='word_1_421' title='bbox 533 3486 590 3515; x_wconf 88' lang='lat' dir='ltr'>m.</span> <span class='ocrx_word' id='word_1_422' title='bbox 608 3472 654 3527; x_wconf 77' lang='lat'>2)</span> <span class='ocrx_word' id='word_1_423' title='bbox 695 3472 708 3528; x_wconf 88' lang='grc' dir='ltr'>ΙΙ</span> <span class='ocrx_word' id='word_1_424' title='bbox 750 3476 803 3515; x_wconf 83' lang='lat'>15</span> <span class='ocrx_word' id='word_1_425' title='bbox 837 3470 1020 3515; x_wconf 83' lang='lat' dir='ltr'>oblecta</span> <span class='ocrx_word' id='word_1_426' title='bbox 1051 3476 1103 3515; x_wconf 78' lang='lat' dir='ltr'>ut</span> <span class='ocrx_word' id='word_1_427' title='bbox 1131 3471 1210 3516; x_wconf 83' lang='lat' dir='ltr'>vid</span> <span class='ocrx_word' id='word_1_428' title='bbox 1249 3473 1262 3527; x_wconf 81' lang='grc' dir='ltr'>ΙΙ</span> <span class='ocrx_word' id='word_1_429' title='bbox 1302 3475 1356 3514; x_wconf 84' lang='grc'>16</span> <span class='ocrx_word' id='word_1_430' title='bbox 1383 3484 1578 3525; x_wconf 89' lang='lat' dir='ltr'>quorum</span> <span class='ocrx_word' id='word_1_431' title='bbox 1612 3472 1778 3526; x_wconf 59' lang='lat' dir='ltr'>(quon)</span> <span class='ocrx_word' id='word_1_432' title='bbox 1811 3476 2086 3526; x_wconf 79' lang='lat' dir='ltr'>suspectum.-</span> <span class='ocrx_word' id='word_1_433' title='bbox 2117 3470 2173 3523; x_wconf 79' lang='lat' dir='ltr'>cf.</span> <span class='ocrx_word' id='word_1_434' title='bbox 2208 3469 2315 3511; x_wconf 76' lang='lat' dir='ltr'>adri.</span> <span class='ocrx_word' id='word_1_435' title='bbox 2354 3468 2357 3526; x_wconf 56' lang='grc'>1</span> 
     </span>
     <span class='ocr_line' id='line_1_50' title="bbox 177 3528 2362 3589; baseline -0.002 -14"><span class='ocrx_word' id='word_1_436' title='bbox 177 3532 267 3576; x_wconf 86' lang='lat' dir='ltr'>dist</span> <span class='ocrx_word' id='word_1_437' title='bbox 292 3533 406 3575; x_wconf 71' lang='lat' dir='ltr'>Mae</span> <span class='ocrx_word' id='word_1_438' title='bbox 429 3533 443 3589; x_wconf 84' lang='grc' dir='ltr'>ΙΙ</span> <span class='ocrx_word' id='word_1_439' title='bbox 476 3535 530 3574; x_wconf 88' lang='grc'>21</span> <span class='ocrx_word' id='word_1_440' title='bbox 563 3531 658 3575; x_wconf 77' lang='lat' dir='ltr'>add</span> <span class='ocrx_word' id='word_1_441' title='bbox 690 3536 731 3575; x_wconf 82' lang='lat' dir='ltr'>et</span> <span class='ocrx_word' id='word_1_442' title='bbox 761 3531 832 3576; x_wconf 80' lang='lat' dir='ltr'>dez</span> <span class='ocrx_word' id='word_1_443' title='bbox 856 3530 961 3575; x_wconf 84' lang='lat' dir='ltr'>Scal</span> <span class='ocrx_word' id='word_1_444' title='bbox 992 3536 1032 3574; x_wconf 81' lang='lat' dir='ltr'>et</span> <span class='ocrx_word' id='word_1_445' title='bbox 1056 3531 1233 3587; x_wconf 86' lang='lat' dir='ltr'>Popma</span> <span class='ocrx_word' id='word_1_446' title='bbox 1268 3533 1273 3587; x_wconf 80' lang='grc' dir='ltr'>Ι</span> <span class='ocrx_word' id='word_1_447' title='bbox 1310 3530 1519 3578; x_wconf 71' lang='grc'>0111310321</span> <span class='ocrx_word' id='word_1_448' title='bbox 1552 3530 1565 3585; x_wconf 89' lang='grc' dir='ltr'>ΙΙ</span> <span class='ocrx_word' id='word_1_449' title='bbox 1599 3535 1652 3572; x_wconf 89' lang='grc'>22</span> <span class='ocrx_word' id='word_1_450' title='bbox 1686 3529 1991 3586; x_wconf 87' lang='lat' dir='ltr'>productione</span> <span class='ocrx_word' id='word_1_451' title='bbox 2023 3530 2102 3574; x_wconf 77' lang='lat' dir='ltr'>vix</span> <span class='ocrx_word' id='word_1_452' title='bbox 2126 3528 2362 3572; x_wconf 73' lang='lat' dir='ltr'>delendum</span> 
     </span>
     <span class='ocr_line' id='line_1_51' title="bbox 177 3582 2361 3647; baseline -0.004 -11"><span class='ocrx_word' id='word_1_453' title='bbox 177 3604 278 3636; x_wconf 80' lang='lat' dir='ltr'>eum</span> <span class='ocrx_word' id='word_1_454' title='bbox 308 3590 408 3647; x_wconf 61' lang='lat' dir='ltr'>Sp„</span> <span class='ocrx_word' id='word_1_455' title='bbox 450 3591 528 3635; x_wconf 84' lang='lat' dir='ltr'>sed</span> <span class='ocrx_word' id='word_1_456' title='bbox 569 3591 689 3634; x_wconf 77' lang='lat' dir='ltr'>velut</span> <span class='ocrx_word' id='word_1_457' title='bbox 725 3592 792 3635; x_wconf 86' lang='lat' dir='ltr'>sic</span> <span class='ocrx_word' id='word_1_458' title='bbox 831 3590 1119 3635; x_wconf 73' lang='lat' dir='ltr'>scribendum</span> <span class='ocrx_word' id='word_1_459' title='bbox 1158 3590 1269 3634; x_wconf 77' lang='lat' dir='ltr'>duee</span> <span class='ocrx_word' id='word_1_460' title='bbox 1301 3590 1407 3634; x_wconf 83' lang='lat' dir='ltr'>Scal</span> <span class='ocrx_word' id='word_1_461' title='bbox 1450 3582 1520 3634; x_wconf 64' lang='grc' dir='ltr'>εί-</span> <span class='ocrx_word' id='word_1_462' title='bbox 1532 3590 1667 3633; x_wconf 76' lang='lat' dir='ltr'>Mue:</span> <span class='ocrx_word' id='word_1_463' title='bbox 1709 3588 2016 3645; x_wconf 88' lang='lat' dir='ltr'>productione</span> <span class='ocrx_word' id='word_1_464' title='bbox 2057 3587 2361 3643; x_wconf 81' lang='lat' dir='ltr'>correptione</span> 
     </span>
     <span class='ocr_line' id='line_1_52' title="bbox 178 3646 2359 3707; baseline -0.002 -15"><span class='ocrx_word' id='word_1_465' title='bbox 178 3649 441 3694; x_wconf 85' lang='lat' dir='ltr'>adiectione</span> <span class='ocrx_word' id='word_1_466' title='bbox 475 3649 764 3694; x_wconf 87' lang='lat' dir='ltr'>detractione</span> <span class='ocrx_word' id='word_1_467' title='bbox 798 3650 871 3707; x_wconf 82' lang='lat' dir='ltr'>(ef.</span> <span class='ocrx_word' id='word_1_468' title='bbox 906 3649 1032 3705; x_wconf 73' lang='lat' dir='ltr'>adii.)</span> <span class='ocrx_word' id='word_1_469' title='bbox 1068 3649 1074 3707; x_wconf 81' lang='grc' dir='ltr'>Ι</span> <span class='ocrx_word' id='word_1_470' title='bbox 1119 3664 1146 3705; x_wconf 84' lang='lat' dir='ltr'>q</span> <span class='ocrx_word' id='word_1_471' title='bbox 1181 3649 1441 3693; x_wconf 88' lang='lat' dir='ltr'>cuiusmodi</span> <span class='ocrx_word' id='word_1_472' title='bbox 1482 3650 1494 3705; x_wconf 85' lang='grc' dir='ltr'>ΙΙ</span> <span class='ocrx_word' id='word_1_473' title='bbox 1535 3652 1590 3691; x_wconf 83' lang='grc'>25</span> <span class='ocrx_word' id='word_1_474' title='bbox 1624 3647 1695 3692; x_wconf 81' lang='lat' dir='ltr'>del</span> <span class='ocrx_word' id='word_1_475' title='bbox 1726 3648 1860 3705; x_wconf 85' lang='lat' dir='ltr'>Seiop</span> <span class='ocrx_word' id='word_1_476' title='bbox 1899 3650 1912 3704; x_wconf 81' lang='grc' dir='ltr'>Η</span> <span class='ocrx_word' id='word_1_477' title='bbox 1953 3653 2008 3692; x_wconf 87' lang='grc'>26</span> <span class='ocrx_word' id='word_1_478' title='bbox 2049 3646 2359 3690; x_wconf 82' lang='lat' dir='ltr'>aretofodine:</span> 
     </span>
    </p>
   </div>
   <div class='ocr_carea' id='block_1_19' title="bbox 13 3691 2361 3766">
    <p class='ocr_par' dir='ltr' id='par_1_19' title="bbox 13 3691 2361 3766">
     <span class='ocr_line' id='line_1_53' title="bbox 13 3691 2361 3766; baseline -0.003 -12"><span class='ocrx_word' id='word_1_479' title='bbox 13 3691 22 3710; x_wconf 45' lang='lat'>³</span> <span class='ocrx_word' id='word_1_480' title='bbox 101 3723 103 3726; x_wconf 84' lang='lat'>·</span> <span class='ocrx_word' id='word_1_481' title='bbox 178 3722 278 3754; x_wconf 86' lang='lat' dir='ltr'>corr</span> <span class='ocrx_word' id='word_1_482' title='bbox 296 3709 445 3755; x_wconf 77' lang='lat' dir='ltr'>Canai</span> <span class='ocrx_word' id='word_1_483' title='bbox 469 3710 561 3766; x_wconf 83' lang='lat' dir='ltr'>(sed</span> <span class='ocrx_word' id='word_1_484' title='bbox 591 3709 685 3763; x_wconf 88' lang='lat' dir='ltr'>-ti-,</span> <span class='ocrx_word' id='word_1_485' title='bbox 715 3711 798 3754; x_wconf 81' lang='lat' dir='ltr'>ubi</span> <span class='ocrx_word' id='word_1_486' title='bbox 826 3711 917 3753; x_wconf 91' lang='lat' dir='ltr'>-to-</span> <span class='ocrx_word' id='word_1_487' title='bbox 942 3709 1034 3766; x_wconf 74' lang='lat' dir='ltr'>sk.)</span> <span class='ocrx_word' id='word_1_488' title='bbox 1059 3710 1072 3765; x_wconf 74' lang='grc' dir='ltr'>ΙΙ</span> <span class='ocrx_word' id='word_1_489' title='bbox 1105 3713 1160 3752; x_wconf 86' lang='grc'>28</span> <span class='ocrx_word' id='word_1_490' title='bbox 1194 3709 1262 3764; x_wconf 72' lang='lat' dir='ltr'>qd</span> <span class='ocrx_word' id='word_1_491' title='bbox 1292 3707 1529 3753; x_wconf 87' lang='lat' dir='ltr'>cfinxerit</span> <span class='ocrx_word' id='word_1_492' title='bbox 1551 3707 1633 3762; x_wconf 77' lang='lat' dir='ltr'>qd.</span> <span class='ocrx_word' id='word_1_493' title='bbox 1667 3708 1973 3764; x_wconf 75' lang='lat' dir='ltr'>supplevimus</span> <span class='ocrx_word' id='word_1_494' title='bbox 2004 3709 2017 3764; x_wconf 81' lang='grc' dir='ltr'>ΙΙ</span> <span class='ocrx_word' id='word_1_495' title='bbox 2050 3711 2104 3750; x_wconf 87' lang='grc'>29</span> <span class='ocrx_word' id='word_1_496' title='bbox 2130 3703 2361 3749; x_wconf 83' lang='lat' dir='ltr'>incernice</span> 
     </span>
    </p>
   </div>
   <div class='ocr_carea' id='block_1_20' title="bbox 177 3767 1427 3827">
    <p class='ocr_par' dir='ltr' id='par_1_20' title="bbox 177 3767 1427 3827">
     <span class='ocr_line' id='line_1_54' title="bbox 177 3767 1427 3827; baseline 0.001 -16"><span class='ocrx_word' id='word_1_497' title='bbox 177 3767 330 3812; x_wconf 88' lang='lat' dir='ltr'>ruicu:</span> <span class='ocrx_word' id='word_1_498' title='bbox 363 3782 464 3813; x_wconf 87' lang='lat' dir='ltr'>corr</span> <span class='ocrx_word' id='word_1_499' title='bbox 498 3769 628 3813; x_wconf 79' lang='lat' dir='ltr'>Goth.</span> <span class='ocrx_word' id='word_1_500' title='bbox 661 3769 714 3812; x_wconf 74' lang='lat' dir='ltr'>iri</span> <span class='ocrx_word' id='word_1_501' title='bbox 744 3783 887 3827; x_wconf 70' lang='lat' dir='ltr'>mary.</span> <span class='ocrx_word' id='word_1_502' title='bbox 922 3768 999 3823; x_wconf 79' lang='lat' dir='ltr'>(ef.</span> <span class='ocrx_word' id='word_1_503' title='bbox 1037 3767 1193 3825; x_wconf 72' lang='lat' dir='ltr'>Quint</span> <span class='ocrx_word' id='word_1_504' title='bbox 1225 3769 1261 3812; x_wconf 91' lang='lat' dir='ltr'><strong><em>I</em></strong></span> <span class='ocrx_word' id='word_1_505' title='bbox 1279 3771 1321 3822; x_wconf 88' lang='lat'>5,</span> <span class='ocrx_word' id='word_1_506' title='bbox 1349 3771 1427 3823; x_wconf 87' lang='lat'>70)</span> 
     </span>
    </p>
   </div>
   <div class='ocr_carea' id='block_1_21' title="bbox 2398 1622 2422 1660">
    <p class='ocr_par' dir='ltr' id='par_1_21' title="bbox 2398 1622 2422 1660">
     <span class='ocr_line' id='line_1_55' title="bbox 2398 1622 2422 1660; baseline 0 0"><span class='ocrx_word' id='word_1_507' title='bbox 2398 1622 2422 1660; x_wconf 87' lang='lat'>6</span> 
     </span>
    </p>
   </div>
  </div>
 </body>
</html>
