2600 4198
1024 122 1441 169 PROLEGOMEN
1443 124 1484 166 A
2199 123 2345 167 XLHI

159 263 297 334 hae,
350 262 492 330 11611,
547 261 827 331 iurgium
881 258 1008 331 (hoc
1060 263 1281 328 propter
1333 258 1514 311 Plauti
1569 276 1781 310 versum
1836 262 1958 310 ante
2014 258 2146 311 duos
2200 258 2339 312 Enni

160 369 434 420 unumque
480 349 716 419 Pompili
761 350 910 402 locos
965 346 1318 417 exscriptum,
1374 344 1493 417 93),
1548 348 1795 415 clepere
1861 343 2004 416 (94),
2058 347 2345 399 mandier

161 439 305 511 (95),
345 439 695 492 obscenum
729 437 944 510 (scena
977 454 1229 504 scaena,
1263 435 1369 487 alia
1400 435 1636 488 eiusdem
1669 435 2055 503 discrepantiae
2088 436 2346 504 exempla,

161 528 245 581 96.
272 526 392 599 97),
431 528 602 580 crevi
636 525 782 598 (98),
815 527 1118 595 frequens
1156 528 1210 576 et
1250 523 1556 576 adsiduus
1582 521 1726 594 (99);
1766 523 1981 575 fodari
2022 521 2106 594 (ut
2139 524 2345 592 supple-

159 618 348 687 vimus,
391 615 546 686 100);
585 633 869 669 mussare
910 611 1207 685 (vinculum
1248 615 1329 664 est
1368 613 1425 664 in
1464 611 1641 664 verbis
1681 612 1847 664 Ennii
1894 611 2161 664 vocibus
2203 631 2345 664 con-

161 706 321 774 cide,
361 703 516 776 101),
556 720 979 756 averruncare
1013 700 1185 772 (102).
1251 700 1516 754 Secuntur
1555 700 1934 753 animalium
1974 719 2159 753 voces
2194 700 2345 771 (103.

165 793 317 865 104),
363 812 560 846 nexus
601 790 781 863 (105);
838 791 1158 844 delicuum
1199 794 1251 843 et
1297 790 1575 859 liquitur
1615 787 1796 861 (106);
1853 808 2046 859 agmen
2086 791 2347 842 claudunt

160 883 471 935 vocabula
529 881 987 952 glossematica
1046 899 1118 932 ex
1174 879 1403 932 Naevii
1460 879 1813 931 comoediis
1869 882 1930 930 et
1985 879 2345 948 tragoediis

161 971 530 1024 litterarum
562 971 785 1023 ordine
819 969 1096 1040 digestis
1122 971 1264 1020 etex
1299 967 1466 1020 bello
1499 967 1738 1021 Punico
1766 971 2014 1036 excerpta
2032 965 2179 1038 (107.
2203 965 2346 1037 108).

161 1061 245 1113 Ex
277 1061 380 1113 hoc
411 1078 632 1113 recensu
665 1062 887 1128 apparet
921 1058 1123 1111 ordinis
1156 1058 1418 1110 rationem
1460 1059 1672 1125 saepius
1715 1057 1995 1109 obscuram
2037 1075 2171 1109 esse:
2214 1076 2347 1125 quae

162 1149 459 1202 obscuritas
500 1150 729 1202 fortasse
761 1149 1106 1216 minueretur,
1147 1148 1191 1199 si
1232 1148 1295 1199 de
1327 1147 1570 1200 fontibus
1604 1147 1803 1215 ubique
1836 1149 2119 1198 constaret.
2183 1145 2348 1198 Velut

168 1240 312 1308 quod
336 1238 510 1291 Varro
536 1237 642 1291 VII
667 1238 737 1290 93
763 1238 1235 1290 Menaechmorum
1267 1255 1478 1289 versum
1513 1237 1613 1288 127
1649 1239 1868 1304 propter
1901 1235 2072 1287 ‘euax’
2109 1236 2344 1288 excitans

164 1331 289 1397 post
329 1328 458 1380 alias
499 1327 898 1380 interiectiones
939 1344 1059 1378 cum
1103 1326 1360 1394 exemplis
1402 1326 1667 1378 exhibitas
1709 1325 1886 1395 pergit
1926 1324 1982 1376 in
2024 1325 2237 1395 ‘iurgio’
2281 1343 2346 1376 ex

163 1419 348 1471 eodem
373 1436 528 1470 versu
554 1416 868 1485 explicando
896 1416 1213 1483 similiaque,
1237 1416 1328 1467 vix
1353 1415 1508 1467 aliter
1532 1414 1780 1482 expedies
1808 1432 1968 1482 quam
1995 1432 2058 1465 ex
2084 1431 2349 1465 commen-

160 1506 310 1559 tariis
351 1505 417 1558 ad
449 1505 628 1557 Plauti
660 1505 867 1557 fabulas
901 1505 986 1558 vel
1018 1524 1083 1558 ex
1116 1503 1550 1567 ‘Quaestionibus
1584 1501 1869 1555 Plautinis'
1904 1503 2176 1554 adhibitis.
2243 1500 2347 1553 Sed

162 1596 263 1648 etsi
305 1595 368 1647 de
419 1596 517 1646 hac
559 1613 614 1646 re
655 1594 880 1662 aliisque
934 1594 1197 1646 sententia
1245 1593 1551 1644 confirmari
1601 1595 1806 1661 posset,
1858 1610 1924 1644 ne
1976 1594 2090 1642 tum
2133 1591 2347 1659 quidem

161 1684 331 1753 ipsius
384 1676 616 1735 auctoris
666 1683 874 1735 arbitrii
914 1683 1141 1750 vestigia
1180 1684 1449 1733 remotum
1497 1681 1564 1732 iri
1612 1682 1791 1732 omnia
1833 1679 2156 1748 sperandum
2197 1682 2347 1732 esset.

311 1770 416 1825 Sed
455 1775 740 1839 antequam
782 1772 1151 1824 continuemus
1197 1770 1585 1839 expositionem
1628 1770 1691 1821 de
1732 1770 1915 1821 ordine
1955 1769 2040 1820 vel
2082 1769 2350 1820 disordine

161 1861 552 1926 brevissimam,
609 1861 672 1912 (16
726 1859 1023 1913 fontibus
1077 1860 1271 1911 horum
1318 1859 1575 1911 librorum
1621 1858 2002 1927 disputandum
2044 1861 2145 1926 est,
2200 1858 2349 1909 cuius

163 1949 543 2019 disputationis
595 1950 652 2001 in
702 1949 800 2000 hac
852 1948 1021 2001 triade
1062 1949 1237 2000 simile
1279 1967 1392 2001 esse
1431 1948 1839 2000 fundamentum
1880 1951 1932 2000 et
1972 1948 2036 1999 ab
2080 1947 2154 1998 eis
2196 1946 2350 1998 libris

163 2039 254 2109 qui
295 2042 544 2091 secuntur
583 2038 850 2090 diversum
891 2041 1134 2090 constare
1177 2056 1499 2090 censeamus
1562 2037 1804 2089 Primum
1844 2037 1986 2088 enim
2028 2036 2119 2104 qui
2159 2036 2349 2088 tertius

163 2133 243 2182 est
281 2128 419 2181 liber
458 2147 578 2181 eum
620 2146 741 2181 cum
782 2127 1052 2196 prioribus
1087 2129 1368 2180 cohaerere
1400 2128 1490 2196 ita,
1531 2130 1591 2178 ut
1625 2144 1689 2178 ex
1721 2125 2038 2178 tractatibus
2072 2126 2128 2177 in
2161 2125 2349 2193 quinto

161 2219 298 2271 libro
341 2221 393 2270 et
433 2219 583 2269 sexto
625 2216 880 2269 adhibitis
923 2235 1057 2285 quae
1099 2217 1163 2268 ad
1203 2218 1414 2285 poetica
1453 2216 1714 2268 vocabula
1752 2216 2081 2284 pertinerent
2122 2215 2350 2283 septimo

161 2307 300 2360 libro
355 2307 732 2375 insererentur,
791 2307 993 2374 optime
1033 2306 1481 2359 Reitzenstein
1518 2306 1551 2357 l.
1586 2324 1624 2358 s.
1658 2324 1696 2357 s,
1746 2303 1820 2375 (p.
1855 2305 1919 2356 31
1943 2303 2081 2375 sqq.)
2138 2303 2352 2355 demon-

164 2396 368 2449 stravit.
462 2394 599 2446 Tum
653 2413 778 2447 vero
826 2395 911 2447 his
957 2395 1129 2448 tribus
1176 2395 1331 2447 libris
1379 2397 1462 2447 tot
1512 2413 1596 2447 res
1637 2412 1769 2463 quas
1810 2394 1950 2462 apud
1991 2392 2352 2461 antiquarium

163 2486 344 2554 potius
386 2502 608 2552 quaeras
650 2502 807 2551 quam
848 2485 1256 2555 grammaticum
1300 2484 1664 2551 continentur,
1718 2486 1780 2535 ut
1826 2483 2208 2550 antiquitatum
2249 2481 2352 2532 Ro-

164 2592 443 2626 manarum
493 2574 641 2626 locos
693 2591 801 2625 non
840 2591 1038 2641 paucos
1079 2574 1154 2625 eis
1195 2573 1474 2625 commode
1513 2573 1773 2625 illustrari
1814 2572 1927 2623 iure
1970 2571 2128 2623 dicas,
2223 2569 2353 2631 Quis

165 2663 220 2714 in
260 2663 624 2733 grammaticis
663 2662 818 2714 libris
859 2665 1077 2730 quaeret
1115 2662 1384 2730 triplicem
1426 2661 1488 2713 de
1520 2663 1640 2713 lacu
1675 2659 1861 2712 Curtio
1894 2660 2191 2727 historiam,
2233 2659 2352 2726 quis

162 2752 445 2821 regionum
492 2754 794 2803 accuratam
844 2751 1280 2819 descriptionem,
1337 2751 1549 2818 qualem
1596 2749 1825 2820 legimus
1865 2769 1914 2818 p.
1953 2748 2019 2800 16
2043 2766 2178 2816 sqq,
2235 2748 2353 2815 quis

164 2841 444 2909 mensium,
499 2840 719 2909 dierum,
770 2841 1024 2892 feriarum
1064 2843 1326 2893 tractatus
1366 2842 1516 2891 tanta
1558 2839 1889 2909 singularum
1930 2856 2106 2889 rerum
2146 2837 2353 2888 ratione

164 2929 351 2982 habita
392 2930 696 2982 confectos?
786 2928 975 2991 Qualia
1015 2930 1114 2982 etsi
1156 2929 1212 2981 in
1253 2930 1480 2999 septimo
1520 2929 1660 2981 libro
1702 2931 2117 2981 consentaneum
2157 2929 2238 2978 est
2276 2944 2355 2977 ra-

164 3019 307 3072 riora
346 3037 477 3087 esse,
517 3022 698 3071 tamen
736 3038 802 3071 ne
841 3018 929 3071 hic
971 3018 1187 3086 quidem
1227 3036 1447 3087 prorsus
1489 3018 1743 3070 deficiunt
1785 3017 1873 3088 (cf.
1911 3016 1994 3068 10.
2030 3016 2111 3068 17.
2146 3015 2231 3067 34.
2266 3015 2351 3066 37.

168 3107 252 3160 39.
286 3107 372 3159 44.
404 3107 492 3177 45,
524 3105 667 3178 alia).
747 3106 893 3170 Quae
934 3108 1114 3160 omnia
1152 3110 1267 3160 iure
1307 3109 1636 3176 miraremur,
1676 3107 1780 3159 nisi
1820 3105 2078 3158 Varronis
2118 3103 2353 3156 indolem

166 3199 277 3249 tam
319 3196 386 3249 ad
426 3196 754 3265 antiquarias
795 3215 955 3266 quam
997 3197 1064 3248 ad
1103 3197 1478 3267 grammaticas
1520 3196 1860 3264 quaestiones
1893 3195 2094 3263 pariter
2126 3211 2353 3262 propen-

167 3303 280 3338 sam
310 3285 475 3337 fuisse
509 3288 792 3353 constaret,
817 3289 878 3338 ut
900 3284 1306 3354 Antiquitatum
1339 3285 1464 3337 libri
1496 3285 1644 3355 pleni
1669 3303 1846 3336 rerum
1872 3283 2354 3354 grammaticarum,

167 3374 505 3443 grammatici
536 3375 959 3443 antiquariarum
992 3376 1369 3444 quaestionum
1402 3373 1586 3426 referti
1616 3377 1760 3427 recte
1794 3373 2040 3426 dicantur
2072 3369 2161 3441 (cf.
2190 3368 2354 3422 Goetz

165 3462 200 3514 1.
233 3480 273 3515 s.
307 3481 346 3517 s.
379 3481 429 3532 p.
463 3462 670 3535 3sqq.).
748 3462 929 3532 Atque
967 3483 1024 3516 re
1063 3482 1188 3517 vera
1228 3465 1290 3516 de
1331 3463 1517 3515 multis
1558 3462 1964 3531 quaestionibus
2006 3478 2141 3528 quae
2182 3459 2238 3511 in
2268 3457 2353 3510 his

167 3550 322 3604 libris
372 3554 672 3605 tractantur
724 3552 944 3604 eundem
987 3551 1287 3605 Varronem
1327 3555 1483 3604 antea
1521 3551 1578 3603 in
1616 3549 2021 3619 Antiquitatum
2060 3548 2212 3601 libris
2254 3547 2355 3598 dis-

83 3684 85 3686 .
167 3639 442 3708 putavisse
483 3644 687 3695 certum
728 3643 822 3709 est,
861 3641 919 3694 in
958 3640 1168 3710 quibus,
1210 3642 1269 3692 ut
1301 3641 1544 3709 exempla
1574 3658 1853 3708 ponamus,
1894 3638 1957 3689 (16
1988 3637 2260 3689 mensibus
2293 3653 2355 3688 ac

169 3727 372 3799 diebuS,
406 3727 469 3781 de
501 3729 665 3799 feriis,
703 3728 859 3798 ludis,
891 3729 954 3782 de
989 3729 1104 3799 diis,
1147 3729 1211 3781 de
1243 3729 1646 3799 magistratibus
1679 3731 1733 3780 et
1763 3746 1820 3779 re
1851 3726 2089 3795 militari,
2130 3725 2193 3777 de
2225 3742 2354 3793 pon-
