2600 4198
1031 166 1489 211 PROLEGOMENA
2284 170 2345 213 XI

166 304 294 357 inde
340 303 576 356 ablatum
630 305 711 354 est
763 302 1190 372 fragmentum
1232 301 1598 370 Casinense‚
1648 303 1710 354 de
1759 321 1865 371 quo
1906 304 2045 355 infra
2085 305 2347 374 agendum

166 394 284 445 erit.
327 391 550 445 Saeculo
591 388 723 442 XIV
776 391 1008 459 primum
1064 389 1449 443 Boccacium
1501 391 1601 444 hos
1656 391 1823 445 libros
1878 392 2090 445 novisse
2146 396 2348 445 certum

165 480 418 548 idemque
458 479 521 532 de
560 478 862 531 Petrarca
901 479 1013 530 veri
1054 480 1227 531 simile
1268 482 1369 532 est:
1410 480 1553 547 apud
1593 498 1752 547 quem
1792 481 1936 547 quod
1975 482 2115 532 inter
2154 483 2349 550 epistu-

164 570 249 621 las
289 569 355 621 ad
393 571 597 621 veteres
636 568 870 620 illustres
910 567 968 618 in
1007 567 1237 634 epistula
1277 568 1342 619 ad
1381 567 1678 621 Varronem
1717 568 1893 639 (epist.
1936 570 1997 620 de
2036 570 2194 621 rebus
2226 570 2349 621 fam.

168 658 202 710 1.
234 656 416 710 XXIV
448 657 480 709 6
513 658 615 708 vol.
648 654 729 708 III
767 675 818 725 p.
851 655 959 707 276
1001 655 1077 707 ed.
1110 655 1448 724 Fracassetti,
1488 656 1628 709 Flor.
1661 656 2100 729 MDCCCLXIII)
2143 659 2216 710 sic
2249 662 2349 710 est:

168 747 369 799 ‘nullae
415 749 595 798 tamen
642 747 826 797 extant
870 744 956 797 vel
1003 745 1287 798 admodum
1326 745 1526 797 lacerae
1567 749 1782 798 tuorum
1823 765 2043 814 operum
2081 747 2350 815 reliquiae,

166 854 198 888 e
232 835 426 903 quibus
459 835 637 902 aliqua
670 834 876 902 pridem
908 833 1033 901 vidi,
1066 837 1119 886 et
1149 834 1514 886 recordatione
1546 838 1799 902 torqueor
1832 836 2070 903 summiS,
2101 839 2161 886 ut
2186 837 2349 902 aiunt,

169 923 328 976 labiis
376 927 621 995 gustatae
669 922 1001 989 dulcedinis',
1051 922 1183 976 haec
1231 940 1355 975 sane
1409 923 1566 974 verba
1607 927 1842 991 spectare
1883 923 2131 976 videntur
2169 924 2349 992 potius

166 1013 236 1064 ad
278 1013 555 1066 eVarronis
593 1011 999 1083 agriculturam'
1044 1029 1202 1080 quam
1237 1011 1616 1081 ‘exspectabat'
1653 1031 1683 1063 a
1713 1010 1979 1064 Gulielmo
2006 1012 2349 1081 Pastrengico

163 1103 341 1155 amico
382 1105 542 1170 atque
582 1101 847 1170 accepisse
887 1101 952 1152 ab
995 1118 1056 1153 eo
1095 1103 1339 1169 putatur:
1380 1102 1445 1153 cf.
1480 1101 1630 1169 epist.
1665 1101 1728 1153 de
1768 1102 1927 1153 rebus
1969 1102 2091 1153 fam.
2127 1100 2254 1152 XXI
2283 1101 2346 1153 11

169 1189 249 1243 III
272 1210 323 1259 p.
352 1189 453 1243 151
483 1190 628 1242 Frac.
661 1194 714 1242 et
737 1189 795 1242 P.
822 1190 885 1242 de
908 1189 963 1242 N
966 1190 1120 1241 olhac
1148 1190 1457 1259 ‘Petrarque
1483 1194 1536 1242 et
1560 1190 1953 1243 l’humanisme’
1979 1189 2155 1260 (Paris
2185 1190 2350 1259 1892)

170 1280 353 1348 11173.
372 1279 612 1332 278307
627 1297 702 1348 sq.
730 1277 835 1331 Sed
859 1279 998 1331 idem
1026 1279 1169 1347 quod
1195 1279 1382 1331 scribit
1399 1278 1627 1331 Iohanni
1645 1280 1707 1331 de
1728 1278 1973 1331 Certaldo
1993 1279 2350 1332 i.e.Boccacio

166 1368 348 1439 (epist.
383 1369 446 1420 de
478 1368 637 1421 rebus
669 1369 792 1421 fam.
820 1366 1007 1420 XVIII
1031 1368 1067 1419 4
1092 1395 1146 1409 =
1173 1366 1225 1419 Π
1250 1388 1297 1437 p.
1323 1368 1431 1420 479
1458 1366 1629 1438 Frac.)
1665 1368 1925 1436 recepisse
1962 1386 2015 1420 se
2044 1368 2260 1420 ‘librum
2287 1387 2351 1421 ex

169 1458 429 1510 Varronis
478 1476 539 1511 ac
581 1456 848 1509 Ciceronis
897 1457 1169 1527 opusculis
1210 1458 1420 1510 eximiis
1461 1476 1679 1526 prorsus
1721 1461 1772 1509 et
1811 1458 1963 1510 raris'
2006 1458 2151 1509 illius
2192 1475 2350 1509 manu

166 1547 445 1616 scriptum,
485 1565 546 1598 eo
586 1547 782 1598 rectius
813 1546 918 1599 hoc
948 1546 1211 1598 trahimus
1252 1546 1318 1598 ad
1348 1546 1515 1599 libros
1548 1547 1611 1598 de
1643 1547 1829 1615 lingua
1860 1546 2028 1598 latina
2060 1547 2142 1598 vel
2176 1549 2350 1613 partes

165 1654 369 1704 eorum,
403 1635 530 1703 quia
561 1638 613 1686 et
638 1634 958 1688 Boccacium
990 1636 1075 1687 his
1108 1635 1376 1687 interdum
1402 1654 1557 1687 usum
1583 1653 1695 1687 esse
1722 1638 1931 1687 constat
1954 1666 2026 1671 ——
2053 1635 2145 1702 qui
2171 1635 2349 1687 decem

168 1724 312 1776 locos
339 1743 404 1776 ex
426 1724 564 1776 libro
593 1725 797 1792 quintO,
821 1724 903 1775 bis
927 1743 1094 1775 unum
1120 1742 1184 1775 ex
1208 1724 1346 1776 libro
1374 1725 1600 1792 septimo
1627 1723 1845 1776 adhibet
1865 1722 1950 1794 (cf.
1969 1723 2155 1775 Hortis
2177 1722 2348 1775 ‘Studi

164 1815 305 1865 sulle
330 1831 488 1882 opere
512 1812 702 1864 Latine
728 1812 782 1864 di
813 1812 1122 1866 Boccaccio'
1149 1812 1409 1882 [Tergest.
1436 1832 1478 1864 a.
1508 1813 1673 1882 1879]
1708 1832 1755 1881 p.
1774 1811 1906 1883 435>
1936 1845 2002 1849 ——
2030 1816 2082 1864 et
2106 1812 2352 1864 Petrarca

169 1902 284 1970 ipse
317 1921 483 1954 unum
516 1901 706 1953 saltem
731 1902 909 1954 locum
936 1920 1001 1953 ex
1024 1902 1128 1954 hoc
1152 1902 1351 1971 scripto
1379 1906 1537 1969 atque
1571 1920 1635 1953 ex
1660 1922 1718 1953 ea
1742 1906 1891 1970 parte
1925 1920 2082 1969 quam
2110 1901 2352 1953 exhibuit

169 1990 358 2043 Petrus
379 1990 649 2043 Diaconus
667 1987 738 2061 (v.
756 1988 814 2061 1.)
834 1990 1057 2042 eTuscus
1075 1991 1242 2044 vicus'
1263 1991 1339 2042 ita
1366 1992 1576 2059 excitat,
1601 1994 1661 2042 ut
1686 2010 1803 2043 eum
1830 1992 2005 2059 ipsum
2031 1991 2351 2058 excerpsisse

166 2083 438 2149 appareat.
516 2079 742 2133 Accedit
782 2080 926 2148 quod
964 2079 1237 2133 Antonius
1276 2080 1472 2132 Loschi
1513 2081 1653 2132 inter
1690 2080 1858 2131 libros
1900 2079 2177 2131 Petrarcae
2210 2079 2351 2130 hunc

167 2169 379 2222 videtur
418 2169 636 2221 vidisse:
678 2168 741 2221 cf.
782 2168 840 2221 P.
875 2169 937 2221 de
969 2169 1020 2221 N
1026 2169 1181 2223 olhac
1212 2189 1260 2238 p.
1295 2170 1403 2222 243
1438 2172 1489 2221 et
1523 2170 1627 2221 307
1657 2187 1733 2236 sq.
1772 2168 1960 2237 Neque
1993 2168 2127 2220 illud
2166 2168 2222 2220 in
2253 2168 2350 2219 hac

163 2258 479 2327 quaestione
525 2258 917 2329 neglegendum
958 2261 1054 2325 est,
1095 2259 1238 2326 quod
1278 2259 1334 2310 in
1373 2259 1466 2311 illa
1513 2259 1579 2310 ad
1618 2258 1913 2310 Varronem
1955 2258 2183 2325 epistula
2222 2257 2352 2325 legi-

170 2365 309 2399 mus:
353 2348 497 2400 ‘tuus
539 2345 739 2416 CicerO,
780 2348 872 2416 qui
912 2347 1081 2401 multa
1121 2348 1223 2400 tibi
1263 2351 1315 2400 et
1356 2349 1441 2399 cui
1480 2351 1540 2400 tu
1579 2349 1749 2398 multa
1899 2346 2193 2415 scripsisti'.
2256 2345 2351 2396 At-

164 2454 272 2504 que
324 2436 669 2489 memorabile
721 2440 801 2489 est
841 2455 979 2490 anno
1022 2438 1183 2490 etiam
1229 2437 1367 2489 1401
1421 2436 1811 2489 Leonardum
1862 2436 2057 2487 Bruni
2109 2434 2352 2486 Arreti-

169 2544 315 2576 num
368 2526 639 2595 dialogum
681 2525 908 2577 edidisse
948 2525 1032 2578 ς116
1083 2526 1259 2578 tribus
1298 2526 1512 2578 vatibus
1552 2525 1914 2593 Florentinis’,
1953 2524 2003 2575 in
2049 2541 2153 2592 quo
2193 2522 2352 2575 Nico-

171 2615 317 2665 laum
356 2613 569 2667 Niccoli
611 2613 1019 2682 Colluciumque
1060 2613 1362 2666 Salutatum
1415 2615 1492 2666 sic
1542 2615 1682 2666 inter
1722 2632 1776 2666 se
1830 2616 2192 2682 colloquentes
2232 2630 2352 2681 pro-

167 2702 319 2755 ducit
358 2701 431 2772 (p.
470 2703 534 2754 17
571 2705 623 2755 et
659 2702 725 2754 19
768 2703 845 2755 ed.
878 2701 1127 2774 Wotke):
1170 2702 1246 2756 ‘N.
1286 2702 1481 2756 Nonne
1521 2702 1775 2770 videmus,
1817 2721 1976 2770 quam
2016 2700 2195 2770 amplo
2237 2700 2349 2768 pul-

166 2791 544 2860 cherrimoque
583 2792 909 2860 patrimonio
950 2792 1081 2844 haec
1120 2795 1306 2845 nostra
1344 2795 1587 2860 tempora
1620 2791 1847 2860 spoliata
1881 2790 2023 2842 sint?
2086 2789 2191 2841 Vbi
2228 2793 2351 2840 sunt

172 2879 243 2932 M.
262 2880 523 2934 Varronis
563 2881 702 2950 libri,
744 2880 834 2949 qui
867 2880 952 2933 vel
993 2881 1093 2933 soli
1133 2882 1305 2933 facere
1347 2884 1567 2950 possent
1599 2881 1880 2950 sapienteS,
1920 2881 1976 2931 in
2009 2879 2205 2946 quibus
2240 2881 2351 2930 erat

170 2969 368 3022 latinae
405 2970 622 3040 linguae
655 2970 977 3039 explicatio?
1018 2989 1059 3023 e.
1087 2989 1134 3038 q.
1162 2989 1201 3023 s,
1242 2970 1292 3024 S.
1325 2970 1572 3022 Perditus
1606 2973 1686 3021 est
1717 2968 1786 3022 M.
1804 2969 1989 3021 Varro.
2046 2967 2347 3019 Dolendum

169 3061 268 3127 est,
306 3058 492 3128 fateor,
533 3062 586 3110 et
623 3060 846 3111 moleste
896 3059 1195 3112 ferendum'
1236 3078 1276 3111 e.
1303 3078 1350 3128 q.
1378 3076 1414 3110 s.
1495 3058 1639 3121 Quae
1680 3059 1842 3111 verba
1880 3056 2141 3109 Leonardi
2181 3055 2348 3106 Bruni

168 3147 539 3200 demonstrant
592 3165 763 3215 neque
818 3148 972 3200 illum
1026 3150 1142 3201 tum
1197 3148 1409 3200 novisse
1465 3147 1702 3201 codicem
1758 3147 1970 3199 interim
2025 3144 2349 3197 Florentiam

167 3235 493 3289 translatum
526 3234 626 3308 (F)
666 3254 838 3305 neque
878 3237 1012 3302 aliis,
1051 3240 1111 3289 ut
1150 3236 1255 3306 ipsi
1292 3236 1518 3290 Nicolao
1551 3236 1604 3288 N
1608 3236 1779 3302 iccoli,
1820 3234 1933 3287 eius
1973 3233 2219 3286 notitiam
2259 3231 2348 3283 tri—

171 3323 351 3381 buisse
383 3323 567 3396 (quem
596 3326 701 3378 fuit
733 3327 826 3394 qui
858 3325 1011 3378 illum
1042 3325 1242 3378 librum
1274 3328 1333 3377 ut
1365 3328 1450 3378 tot
1481 3325 1614 3378 alios
1646 3322 1993 3392 acquisivisse
2026 3317 2348 3390 coniceretl).

171 3411 342 3467 Paulo
381 3417 505 3483 post
542 3417 720 3467 tamen
753 3414 1055 3468 Florentiae
1078 3414 1339 3468 Varronis
1377 3414 1502 3466 libri
1542 3413 1776 3466 crebrius
1817 3429 1877 3463 ac
1917 3410 2225 3479 diligentius
2266 3408 2347 3460 de-

169 3501 337 3555 scribi
376 3504 554 3572 coepti
592 3506 738 3557 sunt:
778 3507 906 3557 tunc
946 3504 1156 3556 demum
1198 3503 1265 3555 ad
1308 3504 1475 3556 vitam
1514 3502 1671 3554 rediit
1710 3498 2087 3571 grammaticus
2128 3496 2347 3548 diutinis

173 3591 408 3644 tenebris
449 3610 747 3661 oppressus.

324 3678 428 3733 Sed
467 3681 568 3734 etsi
606 3681 871 3734 nescimus
911 3681 1030 3750 quis
1071 3681 1308 3734 codicem
1347 3680 1564 3732 unicum
1605 3676 1951 3743 contraxerit,
1989 3678 2168 3727 tamen
2208 3676 2348 3725 certa

170 3767 284 3821 fere
335 3768 640 3823 coniectura
690 3772 900 3822 constat
949 3769 1089 3822 unde
1140 3768 1359 3822 venerit.
1436 3766 1577 3819 Nam
1630 3765 1824 3817 codex
1875 3762 2265 3816 Casinensis.
2292 3762 2346 3812 in
