<?xml version="1.0" encoding="UTF-8"?>
<!DOCTYPE html PUBLIC "-//W3C//DTD XHTML 1.0 Transitional//EN"
    "http://www.w3.org/TR/xhtml1/DTD/xhtml1-transitional.dtd">
<html xmlns="http://www.w3.org/1999/xhtml" xml:lang="en" lang="en">
 <head>
  <title>
</title>
<meta http-equiv="Content-Type" content="text/html;charset=utf-8" />
  <meta name='ocr-system' content='tesseract 3.04.00' />
  <meta name='ocr-capabilities' content='ocr_page ocr_carea ocr_par ocr_line ocrx_word'/>
</head>
<body>
  <div class='ocr_page' id='page_1' title='image "./delingualatinaqu00varruoft_0315.png"; bbox 0 0 2600 4198; ppageno 0'>
   <div class='ocr_carea' id='block_1_1' title="bbox 985 162 2313 218">
    <p class='ocr_par' dir='ltr' id='par_1_1' title="bbox 985 162 2313 218">
     <span class='ocr_line' id='line_1_1' title="bbox 985 162 2313 218; baseline 0.008 -10"><span class='ocrx_word' id='word_1_1' title='bbox 985 162 1458 208; x_wconf 81' lang='lat' dir='ltr'>ADNOTATIONES</span> <span class='ocrx_word' id='word_1_2' title='bbox 2208 165 2313 218; x_wconf 76' lang='grc'>257</span> 
     </span>
    </p>
   </div>
   <div class='ocr_carea' id='block_1_2' title="bbox 130 305 2318 1026">
    <p class='ocr_par' dir='ltr' id='par_1_2' title="bbox 130 305 2316 528">
     <span class='ocr_line' id='line_1_2' title="bbox 135 305 2316 368; baseline -0 -12"><span class='ocrx_word' id='word_1_3' title='bbox 135 308 239 358; x_wconf 73' lang='lat' dir='ltr'>Ta.</span> <span class='ocrx_word' id='word_1_4' title='bbox 271 310 316 356; x_wconf 87' lang='lat' dir='ltr'>si</span> <span class='ocrx_word' id='word_1_5' title='bbox 346 309 519 368; x_wconf 69' lang='lat' dir='ltr'>coyites</span> <span class='ocrx_word' id='word_1_6' title='bbox 549 306 608 355; x_wconf 81' lang='lat' dir='ltr'>ele</span> <span class='ocrx_word' id='word_1_7' title='bbox 641 305 938 368; x_wconf 83' lang='lat' dir='ltr'>phalangas,</span> <span class='ocrx_word' id='word_1_8' title='bbox 968 305 1022 352; x_wconf 83' lang='lat' dir='ltr'>id</span> <span class='ocrx_word' id='word_1_9' title='bbox 1053 307 1153 351; x_wconf 89' lang='lat' dir='ltr'>tam</span> <span class='ocrx_word' id='word_1_10' title='bbox 1181 306 1292 365; x_wconf 85' lang='lat' dir='ltr'>ipsa</span> <span class='ocrx_word' id='word_1_11' title='bbox 1328 306 1563 354; x_wconf 86' lang='lat' dir='ltr'>memoria</span> <span class='ocrx_word' id='word_1_12' title='bbox 1593 307 1794 365; x_wconf 78' lang='lat' dir='ltr'>ipsaque</span> <span class='ocrx_word' id='word_1_13' title='bbox 1824 307 2129 354; x_wconf 81' lang='lat' dir='ltr'>metatheseos</span> <span class='ocrx_word' id='word_1_14' title='bbox 2158 308 2316 366; x_wconf 83' lang='lat' dir='ltr'>facili-</span> 
     </span>
     <span class='ocr_line' id='line_1_3' title="bbox 131 385 2315 448; baseline -0.002 -8"><span class='ocrx_word' id='word_1_15' title='bbox 131 394 226 440; x_wconf 82' lang='lat' dir='ltr'>tate</span> <span class='ocrx_word' id='word_1_16' title='bbox 257 388 590 438; x_wconf 83' lang='lat' dir='ltr'>commendare</span> <span class='ocrx_word' id='word_1_17' title='bbox 622 387 786 447; x_wconf 85' lang='lat' dir='ltr'>possis</span> <span class='ocrx_word' id='word_1_18' title='bbox 816 400 963 445; x_wconf 77' lang='lat' dir='ltr'>quam</span> <span class='ocrx_word' id='word_1_19' title='bbox 1002 386 1344 443; x_wconf 65' lang='lat' dir='ltr'>additamenta</span> <span class='ocrx_word' id='word_1_20' title='bbox 1389 401 1497 434; x_wconf 89' lang='lat' dir='ltr'>cum</span> <span class='ocrx_word' id='word_1_21' title='bbox 1529 385 1681 435; x_wconf 82' lang='lat' dir='ltr'>Attici</span> <span class='ocrx_word' id='word_1_22' title='bbox 1721 401 1879 435; x_wconf 84' lang='lat' dir='ltr'>vocem</span> <span class='ocrx_word' id='word_1_23' title='bbox 1920 390 2212 447; x_wconf 81' lang='lat' dir='ltr'>spreverint:</span> <span class='ocrx_word' id='word_1_24' title='bbox 2256 389 2315 448; x_wconf 82' lang='lat' dir='ltr'>cf.</span> 
     </span>
     <span class='ocr_line' id='line_1_4' title="bbox 130 467 863 528; baseline -0.007 -8"><span class='ocrx_word' id='word_1_25' title='bbox 130 471 335 520; x_wconf 82' lang='lat' dir='ltr'>Antiatt.</span> <span class='ocrx_word' id='word_1_26' title='bbox 367 470 516 518; x_wconf 64' lang='lat' dir='ltr'>Bekre.</span> <span class='ocrx_word' id='word_1_27' title='bbox 542 484 595 528; x_wconf 90' lang='lat' dir='ltr'>p.</span> <span class='ocrx_word' id='word_1_28' title='bbox 633 467 753 524; x_wconf 87' lang='lat'><strong><em>115,</em></strong></span> <span class='ocrx_word' id='word_1_29' title='bbox 778 469 863 516; x_wconf 87' lang='grc'>20.</span> 
     </span>
    </p>

    <p class='ocr_par' dir='ltr' id='par_1_3' title="bbox 281 542 2316 614">
     <span class='ocr_line' id='line_1_5' title="bbox 281 542 2316 614; baseline 0 -15"><span class='ocrx_word' id='word_1_30' title='bbox 281 553 366 612; x_wconf 90' lang='grc'>42,</span> <span class='ocrx_word' id='word_1_31' title='bbox 396 553 477 598; x_wconf 85' lang='grc'>13.</span> <span class='ocrx_word' id='word_1_32' title='bbox 517 550 561 596; x_wconf 86' lang='lat' dir='ltr'>R</span> <span class='ocrx_word' id='word_1_33' title='bbox 587 549 821 597; x_wconf 83' lang='lat' dir='ltr'>traditum</span> <span class='ocrx_word' id='word_1_34' title='bbox 839 542 1261 614; x_wconf 62' lang='lat' dir='ltr'>def&#39;prist(r)inum</span> <span class='ocrx_word' id='word_1_35' title='bbox 1285 551 1448 610; x_wconf 76' lang='lat' dir='ltr'>forma</span> <span class='ocrx_word' id='word_1_36' title='bbox 1474 551 1703 610; x_wconf 72' lang='lat' dir='ltr'>intelleyit</span> <span class='ocrx_word' id='word_1_37' title='bbox 1717 551 1850 599; x_wconf 85' lang='lat' dir='ltr'>Ellis</span> <span class='ocrx_word' id='word_1_38' title='bbox 1874 552 1903 598; x_wconf 90' lang='lat' dir='ltr'>l.</span> <span class='ocrx_word' id='word_1_39' title='bbox 1929 566 1966 598; x_wconf 89' lang='lat' dir='ltr'>s.</span> <span class='ocrx_word' id='word_1_40' title='bbox 1991 565 2029 598; x_wconf 88' lang='lat' dir='ltr'>s.</span> <span class='ocrx_word' id='word_1_41' title='bbox 2048 567 2101 610; x_wconf 87' lang='lat' dir='ltr'>p.</span> <span class='ocrx_word' id='word_1_42' title='bbox 2121 552 2235 599; x_wconf 79' lang='lat'>358</span> <span class='ocrx_word' id='word_1_43' title='bbox 2249 565 2316 612; x_wconf 76' lang='lat' dir='ltr'>sq.</span> 
     </span>
    </p>

    <p class='ocr_par' dir='ltr' id='par_1_4' title="bbox 130 630 2318 1026">
     <span class='ocr_line' id='line_1_6' title="bbox 281 630 2318 694; baseline 0 -14"><span class='ocrx_word' id='word_1_44' title='bbox 281 635 366 694; x_wconf 91' lang='lat'>42,</span> <span class='ocrx_word' id='word_1_45' title='bbox 399 634 478 679; x_wconf 90' lang='lat'>14.</span> <span class='ocrx_word' id='word_1_46' title='bbox 531 632 594 680; x_wconf 91' lang='lat' dir='ltr'>Ut</span> <span class='ocrx_word' id='word_1_47' title='bbox 621 631 671 679; x_wconf 89' lang='grc' dir='ltr'>Ο.</span> <span class='ocrx_word' id='word_1_48' title='bbox 698 631 911 678; x_wconf 78' lang='lat' dir='ltr'><em>Mueller</em></span> <span class='ocrx_word' id='word_1_49' title='bbox 939 631 1010 677; x_wconf 90' lang='lat' dir='ltr'>ita</span> <span class='ocrx_word' id='word_1_50' title='bbox 1033 630 1291 678; x_wconf 89' lang='lat' dir='ltr'>Lucianus</span> <span class='ocrx_word' id='word_1_51' title='bbox 1317 632 1530 679; x_wconf 79' lang='lat' dir='ltr'><em>Mueller</em></span> <span class='ocrx_word' id='word_1_52' title='bbox 1562 632 1619 679; x_wconf 82' lang='lat' dir='ltr'>de</span> <span class='ocrx_word' id='word_1_53' title='bbox 1650 632 1844 680; x_wconf 90' lang='lat' dir='ltr'>Lucilio</span> <span class='ocrx_word' id='word_1_54' title='bbox 1867 637 2014 692; x_wconf 86' lang='lat' dir='ltr'>poeta</span> <span class='ocrx_word' id='word_1_55' title='bbox 2047 632 2318 682; x_wconf 74' lang='lat' dir='ltr'><em>dubitantes</em></span> 
     </span>
     <span class='ocr_line' id='line_1_7' title="bbox 130 711 2318 777; baseline 0 -14"><span class='ocrx_word' id='word_1_56' title='bbox 130 717 282 777; x_wconf 74' lang='lat' dir='ltr'>iynoti</span> <span class='ocrx_word' id='word_1_57' title='bbox 323 714 581 762; x_wconf 84' lang='lat' dir='ltr'>cuiusdam</span> <span class='ocrx_word' id='word_1_58' title='bbox 612 713 796 760; x_wconf 87' lang='lat' dir='ltr'>Lucilii</span> <span class='ocrx_word' id='word_1_59' title='bbox 839 713 890 759; x_wconf 89' lang='lat' dir='ltr'>in</span> <span class='ocrx_word' id='word_1_60' title='bbox 931 713 1050 759; x_wconf 92' lang='lat' dir='ltr'>urbe</span> <span class='ocrx_word' id='word_1_61' title='bbox 1080 711 1240 758; x_wconf 87' lang='lat' dir='ltr'>Roma</span> <span class='ocrx_word' id='word_1_62' title='bbox 1264 714 1535 771; x_wconf 89' lang='lat' dir='ltr'>pistrinum</span> <span class='ocrx_word' id='word_1_63' title='bbox 1568 715 1704 773; x_wconf 74' lang='lat' dir='ltr'>tanyi</span> <span class='ocrx_word' id='word_1_64' title='bbox 1724 717 1928 773; x_wconf 77' lang='lat' dir='ltr'>putant:</span> <span class='ocrx_word' id='word_1_65' title='bbox 1971 715 2029 773; x_wconf 78' lang='lat' dir='ltr'>cf.</span> <span class='ocrx_word' id='word_1_66' title='bbox 2067 717 2222 763; x_wconf 76' lang='lat' dir='ltr'><em>Marx</em></span> <span class='ocrx_word' id='word_1_67' title='bbox 2252 717 2318 763; x_wconf 85' lang='lat' dir='ltr'>ad</span> 
     </span>
     <span class='ocr_line' id='line_1_8' title="bbox 136 792 2318 856; baseline 0 -11"><span class='ocrx_word' id='word_1_68' title='bbox 136 798 254 846; x_wconf 91' lang='grc'>521.</span> <span class='ocrx_word' id='word_1_69' title='bbox 304 796 375 844; x_wconf 86' lang='lat' dir='ltr'>At</span> <span class='ocrx_word' id='word_1_70' title='bbox 403 797 534 844; x_wconf 89' lang='lat' dir='ltr'>mira</span> <span class='ocrx_word' id='word_1_71' title='bbox 565 797 680 842; x_wconf 87' lang='lat' dir='ltr'>sunt</span> <span class='ocrx_word' id='word_1_72' title='bbox 709 795 761 841; x_wconf 88' lang='lat' dir='ltr'>in</span> <span class='ocrx_word' id='word_1_73' title='bbox 795 793 914 840; x_wconf 91' lang='lat' dir='ltr'>urbe</span> <span class='ocrx_word' id='word_1_74' title='bbox 946 792 1129 840; x_wconf 89' lang='lat' dir='ltr'>Lucilii</span> <span class='ocrx_word' id='word_1_75' title='bbox 1139 810 1156 850; x_wconf 89' lang='lat'>,·</span> <span class='ocrx_word' id='word_1_76' title='bbox 1196 794 1314 853; x_wconf 74' lang='lat' dir='ltr'>quid</span> <span class='ocrx_word' id='word_1_77' title='bbox 1344 795 1388 840; x_wconf 86' lang='lat' dir='ltr'>si</span> <span class='ocrx_word' id='word_1_78' title='bbox 1420 795 1478 841; x_wconf 84' lang='lat' dir='ltr'>cle</span> <span class='ocrx_word' id='word_1_79' title='bbox 1510 797 1682 842; x_wconf 89' lang='lat' dir='ltr'>satura</span> <span class='ocrx_word' id='word_1_80' title='bbox 1715 794 1843 842; x_wconf 88' lang='lat' dir='ltr'>Vrbs</span> <span class='ocrx_word' id='word_1_81' title='bbox 1875 797 2111 855; x_wconf 86' lang='lat' dir='ltr'>inscripta</span> <span class='ocrx_word' id='word_1_82' title='bbox 2144 799 2318 856; x_wconf 69' lang='lat' dir='ltr'>cecita-</span> 
     </span>
     <span class='ocr_line' id='line_1_9' title="bbox 130 868 2317 941; baseline -0 -14"><span class='ocrx_word' id='word_1_83' title='bbox 130 879 282 927; x_wconf 75' lang='lat' dir='ltr'>mus?</span> <span class='ocrx_word' id='word_1_84' title='bbox 325 877 401 937; x_wconf 79' lang='lat' dir='ltr'>Cf.</span> <span class='ocrx_word' id='word_1_85' title='bbox 437 877 513 924; x_wconf 93' lang='lat' dir='ltr'>VI</span> <span class='ocrx_word' id='word_1_86' title='bbox 547 878 613 924; x_wconf 87' lang='grc'>69</span> <span class='ocrx_word' id='word_1_87' title='bbox 648 870 893 941; x_wconf 81' lang='lat' dir='ltr'>(Lucilius</span> <span class='ocrx_word' id='word_1_88' title='bbox 926 874 1097 922; x_wconf 75' lang='lat' dir='ltr'>scribit</span> <span class='ocrx_word' id='word_1_89' title='bbox 1128 874 1187 921; x_wconf 87' lang='lat' dir='ltr'>de</span> <span class='ocrx_word' id='word_1_90' title='bbox 1223 868 1454 940; x_wconf 80' lang='lat' dir='ltr'>Cretaea)</span> <span class='ocrx_word' id='word_1_91' title='bbox 1496 879 1538 922; x_wconf 86' lang='lat' dir='ltr'>et</span> <span class='ocrx_word' id='word_1_92' title='bbox 1566 876 1741 936; x_wconf 78' lang='lat' dir='ltr'>Porph.</span> <span class='ocrx_word' id='word_1_93' title='bbox 1774 879 1828 923; x_wconf 78' lang='lat' dir='ltr'>in</span> <span class='ocrx_word' id='word_1_94' title='bbox 1851 878 1973 924; x_wconf 80' lang='lat' dir='ltr'>Hor.</span> <span class='ocrx_word' id='word_1_95' title='bbox 2009 893 2044 927; x_wconf 91' lang='lat' dir='ltr'>c.</span> <span class='ocrx_word' id='word_1_96' title='bbox 2078 879 2116 924; x_wconf 93' lang='lat' dir='ltr'><strong><em>I</em></strong></span> <span class='ocrx_word' id='word_1_97' title='bbox 2141 881 2228 934; x_wconf 92' lang='grc'>22,</span> <span class='ocrx_word' id='word_1_98' title='bbox 2249 882 2317 926; x_wconf 85' lang='lat'>10</span> 
     </span>
     <span class='ocr_line' id='line_1_10' title="bbox 133 949 1234 1026; baseline -0.004 -20"><span class='ocrx_word' id='word_1_99' title='bbox 133 954 282 1026; x_wconf 82' lang='lat' dir='ltr'>(liber</span> <span class='ocrx_word' id='word_1_100' title='bbox 313 959 498 1006; x_wconf 81' lang='lat' dir='ltr'>Lucilii</span> <span class='ocrx_word' id='word_1_101' title='bbox 529 957 647 1004; x_wconf 87' lang='lat' dir='ltr'>XVI</span> <span class='ocrx_word' id='word_1_102' title='bbox 679 955 880 1018; x_wconf 82' lang='lat' dir='ltr'>Collyra</span> <span class='ocrx_word' id='word_1_103' title='bbox 911 949 1234 1022; x_wconf 72' lang='lat' dir='ltr'>inscribitur).</span> 
     </span>
    </p>
   </div>
   <div class='ocr_carea' id='block_1_3' title="bbox 131 1043 2322 1275">
    <p class='ocr_par' dir='ltr' id='par_1_5' title="bbox 131 1043 2322 1275">
     <span class='ocr_line' id='line_1_11' title="bbox 283 1043 2320 1113; baseline 0.001 -19"><span class='ocrx_word' id='word_1_104' title='bbox 283 1049 368 1110; x_wconf 88' lang='lat'>42,</span> <span class='ocrx_word' id='word_1_105' title='bbox 398 1049 465 1095; x_wconf 91' lang='lat'>24</span> <span class='ocrx_word' id='word_1_106' title='bbox 484 1061 550 1108; x_wconf 79' lang='lat' dir='ltr'>sq.</span> <span class='ocrx_word' id='word_1_107' title='bbox 598 1045 709 1094; x_wconf 87' lang='lat' dir='ltr'>An:</span> <span class='ocrx_word' id='word_1_108' title='bbox 740 1045 880 1092; x_wconf 85' lang='lat' dir='ltr'>brevi</span> <span class='ocrx_word' id='word_1_109' title='bbox 905 1062 929 1092; x_wconf 93' lang='lat' dir='ltr'>e</span> <span class='ocrx_word' id='word_1_110' title='bbox 954 1044 1232 1093; x_wconf 89' lang='lat' dir='ltr'>vehiculum</span> <span class='ocrx_word' id='word_1_111' title='bbox 1261 1045 1450 1092; x_wconf 87' lang='lat' dir='ltr'>dictum</span> <span class='ocrx_word' id='word_1_112' title='bbox 1479 1048 1553 1094; x_wconf 87' lang='lat' dir='ltr'>est</span> <span class='ocrx_word' id='word_1_113' title='bbox 1578 1048 1689 1094; x_wconf 89' lang='lat' dir='ltr'>aliis</span> <span class='ocrx_word' id='word_1_114' title='bbox 1715 1043 2204 1113; x_wconf 72' lang='lat' dir='ltr'>ve&lt;ctabu&gt;l&lt;um&gt;?</span> <span class='ocrx_word' id='word_1_115' title='bbox 2247 1050 2320 1109; x_wconf 75' lang='lat' dir='ltr'>Cf.</span> 
     </span>
     <span class='ocr_line' id='line_1_12' title="bbox 131 1122 2320 1195; baseline 0 -17"><span class='ocrx_word' id='word_1_116' title='bbox 131 1130 259 1179; x_wconf 87' lang='lat' dir='ltr'>Non.</span> <span class='ocrx_word' id='word_1_117' title='bbox 283 1130 365 1186; x_wconf 82' lang='lat'>54,</span> <span class='ocrx_word' id='word_1_118' title='bbox 389 1129 460 1178; x_wconf 88' lang='grc'>25</span> <span class='ocrx_word' id='word_1_119' title='bbox 480 1143 546 1188; x_wconf 79' lang='lat' dir='ltr'>sq.</span> <span class='ocrx_word' id='word_1_120' title='bbox 579 1122 792 1195; x_wconf 83' lang='lat' dir='ltr'>(veteres</span> <span class='ocrx_word' id='word_1_121' title='bbox 826 1165 835 1174; x_wconf 92' lang='lat'><em>.</em></span> <span class='ocrx_word' id='word_1_122' title='bbox 863 1164 872 1173; x_wconf 95' lang='lat'><em>.</em></span> <span class='ocrx_word' id='word_1_123' title='bbox 900 1165 909 1173; x_wconf 89' lang='lat'><em>.</em></span> <span class='ocrx_word' id='word_1_124' title='bbox 936 1126 1251 1174; x_wconf 68' lang='lat' dir='ltr'>vectabulum</span> <span class='ocrx_word' id='word_1_125' title='bbox 1284 1126 1470 1189; x_wconf 84' lang='lat' dir='ltr'>dicunt,</span> <span class='ocrx_word' id='word_1_126' title='bbox 1501 1128 1633 1190; x_wconf 86' lang='lat' dir='ltr'>quod</span> <span class='ocrx_word' id='word_1_127' title='bbox 1665 1145 1794 1176; x_wconf 90' lang='lat' dir='ltr'>nunc</span> <span class='ocrx_word' id='word_1_128' title='bbox 1818 1129 2098 1177; x_wconf 85' lang='lat' dir='ltr'>vehiculum</span> <span class='ocrx_word' id='word_1_129' title='bbox 2125 1130 2320 1186; x_wconf 85' lang='lat' dir='ltr'>dicitur,</span> 
     </span>
     <span class='ocr_line' id='line_1_13' title="bbox 131 1202 2322 1275; baseline 0 -15"><span class='ocrx_word' id='word_1_130' title='bbox 131 1214 243 1261; x_wconf 89' lang='lat' dir='ltr'>item</span> <span class='ocrx_word' id='word_1_131' title='bbox 274 1214 494 1272; x_wconf 77' lang='lat' dir='ltr'>sequente</span> <span class='ocrx_word' id='word_1_132' title='bbox 529 1203 721 1275; x_wconf 85' lang='lat' dir='ltr'>arcera)</span> <span class='ocrx_word' id='word_1_133' title='bbox 749 1212 790 1256; x_wconf 87' lang='lat' dir='ltr'>et</span> <span class='ocrx_word' id='word_1_134' title='bbox 809 1208 928 1257; x_wconf 82' lang='lat' dir='ltr'>Gell.</span> <span class='ocrx_word' id='word_1_135' title='bbox 950 1208 1057 1255; x_wconf 92' lang='lat' dir='ltr'>XX</span> <span class='ocrx_word' id='word_1_136' title='bbox 1089 1212 1135 1264; x_wconf 89' lang='lat'>1,</span> <span class='ocrx_word' id='word_1_137' title='bbox 1152 1210 1226 1256; x_wconf 88' lang='grc'>28</span> <span class='ocrx_word' id='word_1_138' title='bbox 1252 1202 1594 1273; x_wconf 74' lang='lat' dir='ltr'>(vectabulum</span> <span class='ocrx_word' id='word_1_139' title='bbox 1627 1211 1758 1271; x_wconf 88' lang='lat' dir='ltr'>quod</span> <span class='ocrx_word' id='word_1_140' title='bbox 1791 1227 1819 1259; x_wconf 88' lang='lat' dir='ltr'>a</span> <span class='ocrx_word' id='word_1_141' title='bbox 1851 1212 2031 1260; x_wconf 83' lang='lat' dir='ltr'>iunctis</span> <span class='ocrx_word' id='word_1_142' title='bbox 2064 1213 2322 1274; x_wconf 81' lang='lat' dir='ltr'>pecoribus</span> 
     </span>
    </p>
   </div>
   <div class='ocr_carea' id='block_1_4' title="bbox 130 1291 456 1353">
    <p class='ocr_par' dir='ltr' id='par_1_6' title="bbox 130 1291 456 1353">
     <span class='ocr_line' id='line_1_14' title="bbox 130 1291 456 1353; baseline -0.006 -12"><span class='ocrx_word' id='word_1_143' title='bbox 130 1291 456 1353; x_wconf 74' lang='lat' dir='ltr'>trahebatur).</span> 
     </span>
    </p>
   </div>
   <div class='ocr_carea' id='block_1_5' title="bbox 131 1374 2322 1687">
    <p class='ocr_par' dir='ltr' id='par_1_7' title="bbox 281 1374 1417 1443">
     <span class='ocr_line' id='line_1_15' title="bbox 281 1374 1417 1443; baseline 0 -15"><span class='ocrx_word' id='word_1_144' title='bbox 281 1383 365 1442; x_wconf 89' lang='lat'>43,</span> <span class='ocrx_word' id='word_1_145' title='bbox 395 1383 440 1428; x_wconf 85' lang='lat'>6.</span> <span class='ocrx_word' id='word_1_146' title='bbox 483 1398 512 1429; x_wconf 88' lang='lat' dir='ltr'>a</span> <span class='ocrx_word' id='word_1_147' title='bbox 545 1383 688 1443; x_wconf 88' lang='lat' dir='ltr'>parte</span> <span class='ocrx_word' id='word_1_148' title='bbox 722 1382 779 1427; x_wconf 89' lang='lat' dir='ltr'>ut</span> <span class='ocrx_word' id='word_1_149' title='bbox 809 1374 994 1442; x_wconf 87' lang='lat' dir='ltr'>multa]</span> <span class='ocrx_word' id='word_1_150' title='bbox 1029 1375 1089 1440; x_wconf 81' lang='lat' dir='ltr'>cf.</span> <span class='ocrx_word' id='word_1_151' title='bbox 1126 1382 1208 1435; x_wconf 76' lang='lat'>47,</span> <span class='ocrx_word' id='word_1_152' title='bbox 1238 1382 1320 1435; x_wconf 85' lang='lat'>16,</span> <span class='ocrx_word' id='word_1_153' title='bbox 1355 1382 1417 1428; x_wconf 88' lang='lat' dir='ltr'>al.</span> 
     </span>
    </p>

    <p class='ocr_par' dir='ltr' id='par_1_8' title="bbox 131 1461 2322 1687">
     <span class='ocr_line' id='line_1_16' title="bbox 280 1461 2322 1526; baseline 0.001 -16"><span class='ocrx_word' id='word_1_154' title='bbox 280 1465 366 1524; x_wconf 89' lang='lat'>43,</span> <span class='ocrx_word' id='word_1_155' title='bbox 397 1465 423 1510; x_wconf 86' lang='lat'>7</span> <span class='ocrx_word' id='word_1_156' title='bbox 444 1479 510 1523; x_wconf 72' lang='lat' dir='ltr'>sq.</span> <span class='ocrx_word' id='word_1_157' title='bbox 564 1463 722 1511; x_wconf 88' lang='lat' dir='ltr'>Verba</span> <span class='ocrx_word' id='word_1_158' title='bbox 754 1462 815 1509; x_wconf 88' lang='lat' dir='ltr'>ab</span> <span class='ocrx_word' id='word_1_159' title='bbox 848 1461 965 1523; x_wconf 89' lang='lat' dir='ltr'>opi.</span> <span class='ocrx_word' id='word_1_160' title='bbox 994 1499 1003 1508; x_wconf 91' lang='lat'><em>.</em></span> <span class='ocrx_word' id='word_1_161' title='bbox 1034 1500 1042 1508; x_wconf 91' lang='lat'><em>.</em></span> <span class='ocrx_word' id='word_1_162' title='bbox 1076 1461 1207 1522; x_wconf 87' lang='lat' dir='ltr'>quod</span> <span class='ocrx_word' id='word_1_163' title='bbox 1242 1499 1249 1507; x_wconf 96' lang='lat'><em>.</em></span> <span class='ocrx_word' id='word_1_164' title='bbox 1285 1501 1294 1509; x_wconf 92' lang='lat'><em>.</em></span> <span class='ocrx_word' id='word_1_165' title='bbox 1331 1500 1340 1509; x_wconf 94' lang='lat'><em>.</em></span> <span class='ocrx_word' id='word_1_166' title='bbox 1379 1462 1487 1523; x_wconf 89' lang='lat' dir='ltr'>opis</span> <span class='ocrx_word' id='word_1_167' title='bbox 1523 1478 1672 1510; x_wconf 87' lang='lat' dir='ltr'>causa</span> <span class='ocrx_word' id='word_1_168' title='bbox 1709 1502 1716 1510; x_wconf 90' lang='lat'><em>.</em></span> <span class='ocrx_word' id='word_1_169' title='bbox 1752 1502 1760 1511; x_wconf 94' lang='lat'><em>.</em></span> <span class='ocrx_word' id='word_1_170' title='bbox 1796 1502 1804 1510; x_wconf 96' lang='lat'><em>.</em></span> <span class='ocrx_word' id='word_1_171' title='bbox 1840 1467 1889 1511; x_wconf 89' lang='lat' dir='ltr'>et</span> <span class='ocrx_word' id='word_1_172' title='bbox 1924 1465 2058 1526; x_wconf 85' lang='lat' dir='ltr'>quod</span> <span class='ocrx_word' id='word_1_173' title='bbox 2090 1480 2213 1526; x_wconf 88' lang='lat' dir='ltr'>opus</span> <span class='ocrx_word' id='word_1_174' title='bbox 2247 1469 2322 1513; x_wconf 88' lang='lat' dir='ltr'>est</span> 
     </span>
     <span class='ocr_line' id='line_1_17' title="bbox 131 1544 2320 1606; baseline -0 -12"><span class='ocrx_word' id='word_1_175' title='bbox 131 1548 463 1594; x_wconf 81' lang='lat' dir='ltr'>demonstrant</span> <span class='ocrx_word' id='word_1_176' title='bbox 498 1545 767 1593; x_wconf 91' lang='lat' dir='ltr'>Varronem</span> <span class='ocrx_word' id='word_1_177' title='bbox 789 1544 1061 1603; x_wconf 72' lang='lat' dir='ltr'>praeivisse</span> <span class='ocrx_word' id='word_1_178' title='bbox 1089 1544 1453 1602; x_wconf 69' lang='lat' dir='ltr'><em>explicationem</em></span> <span class='ocrx_word' id='word_1_179' title='bbox 1486 1560 1517 1592; x_wconf 91' lang='lat' dir='ltr'>a</span> <span class='ocrx_word' id='word_1_180' title='bbox 1554 1545 1734 1606; x_wconf 81' lang='lat' dir='ltr'>Woelff</span> <span class='ocrx_word' id='word_1_181' title='bbox 1736 1546 1834 1592; x_wconf 86' lang='lat' dir='ltr'>lino</span> <span class='ocrx_word' id='word_1_182' title='bbox 1859 1547 2238 1594; x_wconf 81' lang='lat' dir='ltr'>commendatam</span> <span class='ocrx_word' id='word_1_183' title='bbox 2269 1549 2320 1595; x_wconf 82' lang='lat' dir='ltr'>in</span> 
     </span>
     <span class='ocr_line' id='line_1_18' title="bbox 132 1625 2320 1687; baseline 0 -12"><span class='ocrx_word' id='word_1_184' title='bbox 132 1627 278 1675; x_wconf 81' lang='lat' dir='ltr'>Arch.</span> <span class='ocrx_word' id='word_1_185' title='bbox 312 1627 402 1675; x_wconf 89' lang='lat' dir='ltr'>IV</span> <span class='ocrx_word' id='word_1_186' title='bbox 418 1641 470 1686; x_wconf 88' lang='lat' dir='ltr'>p.</span> <span class='ocrx_word' id='word_1_187' title='bbox 511 1627 617 1674; x_wconf 91' lang='grc'>152</span> <span class='ocrx_word' id='word_1_188' title='bbox 650 1630 691 1673; x_wconf 86' lang='lat' dir='ltr'>et</span> <span class='ocrx_word' id='word_1_189' title='bbox 724 1625 832 1673; x_wconf 87' lang='grc'>325</span> <span class='ocrx_word' id='word_1_190' title='bbox 864 1640 986 1686; x_wconf 89' lang='lat' dir='ltr'>opus</span> <span class='ocrx_word' id='word_1_191' title='bbox 1019 1626 1094 1671; x_wconf 90' lang='lat' dir='ltr'>est</span> <span class='ocrx_word' id='word_1_192' title='bbox 1126 1648 1181 1660; x_wconf 88' lang='lat'><strong><em>=</em></strong></span> <span class='ocrx_word' id='word_1_193' title='bbox 1215 1626 1323 1687; x_wconf 85' lang='lat' dir='ltr'>opis</span> <span class='ocrx_word' id='word_1_194' title='bbox 1365 1627 1464 1673; x_wconf 89' lang='lat' dir='ltr'>est:</span> <span class='ocrx_word' id='word_1_195' title='bbox 1509 1641 1804 1685; x_wconf 73' lang='lat' dir='ltr'>quamquam</span> <span class='ocrx_word' id='word_1_196' title='bbox 1845 1629 2044 1675; x_wconf 85' lang='lat' dir='ltr'>minime</span> <span class='ocrx_word' id='word_1_197' title='bbox 2085 1644 2201 1676; x_wconf 77' lang='lat' dir='ltr'>vera</span> <span class='ocrx_word' id='word_1_198' title='bbox 2242 1632 2320 1676; x_wconf 88' lang='lat' dir='ltr'>est.</span> 
     </span>
    </p>
   </div>
   <div class='ocr_carea' id='block_1_6' title="bbox 131 1713 2327 2846">
    <p class='ocr_par' dir='ltr' id='par_1_9' title="bbox 137 1713 2322 1860">
     <span class='ocr_line' id='line_1_19' title="bbox 281 1713 2322 1780; baseline 0.001 -17"><span class='ocrx_word' id='word_1_199' title='bbox 281 1718 368 1777; x_wconf 83' lang='lat'>43,</span> <span class='ocrx_word' id='word_1_200' title='bbox 397 1719 464 1765; x_wconf 88' lang='lat'>10</span> <span class='ocrx_word' id='word_1_201' title='bbox 483 1730 550 1776; x_wconf 77' lang='lat' dir='ltr'>sq.</span> <span class='ocrx_word' id='word_1_202' title='bbox 593 1714 724 1778; x_wconf 87' lang='lat' dir='ltr'>quod</span> <span class='ocrx_word' id='word_1_203' title='bbox 757 1713 1038 1761; x_wconf 89' lang='lat' dir='ltr'>moeniendi</span> <span class='ocrx_word' id='word_1_204' title='bbox 1070 1729 1216 1761; x_wconf 87' lang='lat' dir='ltr'>causa</span> <span class='ocrx_word' id='word_1_205' title='bbox 1247 1714 1547 1776; x_wconf 87' lang='lat' dir='ltr'>portabatur</span> <span class='ocrx_word' id='word_1_206' title='bbox 1578 1731 1731 1762; x_wconf 87' lang='lat' dir='ltr'>manu</span> <span class='ocrx_word' id='word_1_207' title='bbox 1765 1732 1860 1777; x_wconf 90' lang='lat' dir='ltr'>quo</span> <span class='ocrx_word' id='word_1_208' title='bbox 1894 1716 2151 1778; x_wconf 82' lang='lat' dir='ltr'>sepiebant</span> <span class='ocrx_word' id='word_1_209' title='bbox 2184 1719 2322 1780; x_wconf 89' lang='lat' dir='ltr'>oppi-</span> 
     </span>
     <span class='ocr_line' id='line_1_20' title="bbox 137 1796 2047 1860; baseline 0 -14"><span class='ocrx_word' id='word_1_210' title='bbox 137 1799 267 1860; x_wconf 86' lang='lat' dir='ltr'>dum,</span> <span class='ocrx_word' id='word_1_211' title='bbox 301 1815 358 1846; x_wconf 91' lang='lat' dir='ltr'>ex</span> <span class='ocrx_word' id='word_1_212' title='bbox 394 1814 450 1846; x_wconf 89' lang='lat' dir='ltr'>eo</span> <span class='ocrx_word' id='word_1_213' title='bbox 491 1813 716 1845; x_wconf 86' lang='lat' dir='ltr'>moenere</span> <span class='ocrx_word' id='word_1_214' title='bbox 750 1811 944 1844; x_wconf 85' lang='lat' dir='ltr'>moerus</span> <span class='ocrx_word' id='word_1_215' title='bbox 980 1796 1140 1844; x_wconf 83' lang='lat' dir='ltr'>Canal</span> <span class='ocrx_word' id='word_1_216' title='bbox 1161 1796 1401 1856; x_wconf 72' lang='lat' dir='ltr'>probante</span> <span class='ocrx_word' id='word_1_217' title='bbox 1433 1797 1613 1845; x_wconf 88' lang='lat' dir='ltr'>Ellisio</span> <span class='ocrx_word' id='word_1_218' title='bbox 1645 1799 1674 1846; x_wconf 91' lang='lat' dir='ltr'>l.</span> <span class='ocrx_word' id='word_1_219' title='bbox 1707 1813 1744 1845; x_wconf 82' lang='lat' dir='ltr'>S.</span> <span class='ocrx_word' id='word_1_220' title='bbox 1777 1814 1812 1846; x_wconf 89' lang='lat' dir='ltr'>s.</span> <span class='ocrx_word' id='word_1_221' title='bbox 1838 1815 1889 1859; x_wconf 89' lang='lat' dir='ltr'>p.</span> <span class='ocrx_word' id='word_1_222' title='bbox 1925 1800 2047 1847; x_wconf 81' lang='lat'><em>359.</em></span> 
     </span>
    </p>

    <p class='ocr_par' dir='ltr' id='par_1_10' title="bbox 286 1877 1715 1940">
     <span class='ocr_line' id='line_1_21' title="bbox 286 1877 1715 1940; baseline -0.001 -12"><span class='ocrx_word' id='word_1_223' title='bbox 286 1882 371 1940; x_wconf 84' lang='lat'>43,</span> <span class='ocrx_word' id='word_1_224' title='bbox 402 1881 484 1927; x_wconf 90' lang='lat'>14.</span> <span class='ocrx_word' id='word_1_225' title='bbox 524 1880 602 1927; x_wconf 88' lang='lat' dir='ltr'>De</span> <span class='ocrx_word' id='word_1_226' title='bbox 634 1894 733 1940; x_wconf 89' lang='lat' dir='ltr'>qua</span> <span class='ocrx_word' id='word_1_227' title='bbox 765 1880 822 1938; x_wconf 76' lang='lat' dir='ltr'>cf.</span> <span class='ocrx_word' id='word_1_228' title='bbox 856 1879 971 1924; x_wconf 84' lang='lat' dir='ltr'>Keil</span> <span class='ocrx_word' id='word_1_229' title='bbox 1003 1877 1068 1924; x_wconf 84' lang='lat' dir='ltr'>ael</span> <span class='ocrx_word' id='word_1_230' title='bbox 1105 1878 1246 1925; x_wconf 77' lang='lat' dir='ltr'>Varr.</span> <span class='ocrx_word' id='word_1_231' title='bbox 1280 1879 1337 1925; x_wconf 86' lang='lat' dir='ltr'>de</span> <span class='ocrx_word' id='word_1_232' title='bbox 1368 1894 1407 1925; x_wconf 87' lang='lat' dir='ltr'>r.</span> <span class='ocrx_word' id='word_1_233' title='bbox 1441 1895 1479 1926; x_wconf 91' lang='lat' dir='ltr'>r.</span> <span class='ocrx_word' id='word_1_234' title='bbox 1506 1895 1559 1939; x_wconf 94' lang='lat' dir='ltr'>p.</span> <span class='ocrx_word' id='word_1_235' title='bbox 1598 1881 1715 1927; x_wconf 84' lang='lat'><em>137.</em></span> 
     </span>
    </p>

    <p class='ocr_par' dir='ltr' id='par_1_11' title="bbox 134 1958 2323 2101">
     <span class='ocr_line' id='line_1_22' title="bbox 284 1958 2323 2022; baseline 0.001 -14"><span class='ocrx_word' id='word_1_236' title='bbox 284 1964 370 2022; x_wconf 84' lang='lat'>43,</span> <span class='ocrx_word' id='word_1_237' title='bbox 401 1963 483 2008; x_wconf 86' lang='grc'>16.</span> <span class='ocrx_word' id='word_1_238' title='bbox 523 1976 674 2009; x_wconf 86' lang='lat' dir='ltr'>vacca</span> <span class='ocrx_word' id='word_1_239' title='bbox 706 1960 956 2020; x_wconf 86' lang='lat' dir='ltr'>interiore,</span> <span class='ocrx_word' id='word_1_240' title='bbox 988 1963 1154 2006; x_wconf 82' lang='lat' dir='ltr'>aratro</span> <span class='ocrx_word' id='word_1_241' title='bbox 1192 1958 1352 2007; x_wconf 80' lang='lat' dir='ltr'>Canal</span> <span class='ocrx_word' id='word_1_242' title='bbox 1383 1974 1494 2007; x_wconf 85' lang='lat' dir='ltr'>cum</span> <span class='ocrx_word' id='word_1_243' title='bbox 1525 1962 1664 2009; x_wconf 87' lang='lat' dir='ltr'>aliis:</span> <span class='ocrx_word' id='word_1_244' title='bbox 1695 1978 1990 2022; x_wconf 76' lang='lat' dir='ltr'>quamquam</span> <span class='ocrx_word' id='word_1_245' title='bbox 2022 1965 2165 2011; x_wconf 82' lang='lat' dir='ltr'>etiam</span> <span class='ocrx_word' id='word_1_246' title='bbox 2196 1964 2323 2010; x_wconf 89' lang='lat' dir='ltr'>inte-</span> 
     </span>
     <span class='ocr_line' id='line_1_23' title="bbox 134 2043 2165 2101; baseline 0 -9"><span class='ocrx_word' id='word_1_247' title='bbox 134 2047 262 2092; x_wconf 89' lang='lat' dir='ltr'>riore</span> <span class='ocrx_word' id='word_1_248' title='bbox 297 2046 463 2091; x_wconf 85' lang='lat' dir='ltr'>aratro</span> <span class='ocrx_word' id='word_1_249' title='bbox 497 2043 705 2101; x_wconf 69' lang='lat' dir='ltr'>intelleqi</span> <span class='ocrx_word' id='word_1_250' title='bbox 729 2044 899 2101; x_wconf 87' lang='lat' dir='ltr'>potest,</span> <span class='ocrx_word' id='word_1_251' title='bbox 930 2043 961 2088; x_wconf 89' lang='lat' dir='ltr'>i.</span> <span class='ocrx_word' id='word_1_252' title='bbox 996 2055 1032 2088; x_wconf 89' lang='lat' dir='ltr'>e.</span> <span class='ocrx_word' id='word_1_253' title='bbox 1065 2044 1232 2088; x_wconf 87' lang='lat' dir='ltr'>aratro</span> <span class='ocrx_word' id='word_1_254' title='bbox 1265 2056 1356 2101; x_wconf 76' lang='lat' dir='ltr'>quo</span> <span class='ocrx_word' id='word_1_255' title='bbox 1389 2044 1555 2090; x_wconf 87' lang='lat' dir='ltr'>sulcus</span> <span class='ocrx_word' id='word_1_256' title='bbox 1587 2045 1854 2091; x_wconf 74' lang='lat' dir='ltr'>introrsum</span> <span class='ocrx_word' id='word_1_257' title='bbox 1884 2045 2165 2093; x_wconf 83' lang='lat' dir='ltr'>iaciebatur.</span> 
     </span>
    </p>

    <p class='ocr_par' dir='ltr' id='par_1_12' title="bbox 131 2116 2322 2349">
     <span class='ocr_line' id='line_1_24' title="bbox 282 2116 2322 2187; baseline 0 -15"><span class='ocrx_word' id='word_1_258' title='bbox 282 2127 368 2186; x_wconf 87' lang='grc'>43,</span> <span class='ocrx_word' id='word_1_259' title='bbox 397 2127 478 2174; x_wconf 91' lang='lat'>20.</span> <span class='ocrx_word' id='word_1_260' title='bbox 518 2124 590 2184; x_wconf 79' lang='lat' dir='ltr'>Of.</span> <span class='ocrx_word' id='word_1_261' title='bbox 611 2126 886 2172; x_wconf 80' lang='lat' dir='ltr'>Mommsen</span> <span class='ocrx_word' id='word_1_262' title='bbox 905 2118 1147 2171; x_wconf 65' lang='lat' dir='ltr'>‘Staatsn’</span> <span class='ocrx_word' id='word_1_263' title='bbox 1166 2116 1287 2183; x_wconf 82' lang='lat' dir='ltr'>I3p.</span> <span class='ocrx_word' id='word_1_264' title='bbox 1313 2126 1377 2170; x_wconf 78' lang='lat'>64</span> <span class='ocrx_word' id='word_1_265' title='bbox 1398 2126 1542 2183; x_wconf 81' lang='lat' dir='ltr'>adn.,·</span> <span class='ocrx_word' id='word_1_266' title='bbox 1576 2122 1962 2174; x_wconf 70' lang='lat' dir='ltr'>‘Rom.Forsch.&#39;</span> <span class='ocrx_word' id='word_1_267' title='bbox 1989 2127 2119 2187; x_wconf 87' lang='lat' dir='ltr'>IIp.</span> <span class='ocrx_word' id='word_1_268' title='bbox 2139 2129 2224 2175; x_wconf 92' lang='grc'>29.</span> <span class='ocrx_word' id='word_1_269' title='bbox 2253 2126 2322 2173; x_wconf 83' lang='lat'>35</span> 
     </span>
     <span class='ocr_line' id='line_1_25' title="bbox 133 2200 2322 2276; baseline 0 -20"><span class='ocrx_word' id='word_1_270' title='bbox 133 2203 312 2276; x_wconf 84' lang='lat' dir='ltr'>(eoque</span> <span class='ocrx_word' id='word_1_271' title='bbox 361 2223 468 2256; x_wconf 88' lang='lat' dir='ltr'>cum</span> <span class='ocrx_word' id='word_1_272' title='bbox 501 2200 757 2273; x_wconf 78' lang='lat' dir='ltr'><em>Iordane).</em></span> <span class='ocrx_word' id='word_1_273' title='bbox 830 2206 1032 2266; x_wconf 89' lang='lat' dir='ltr'>eiusque</span> <span class='ocrx_word' id='word_1_274' title='bbox 1081 2201 1309 2269; x_wconf 77' lang='lat' dir='ltr'>(cippis)</span> <span class='ocrx_word' id='word_1_275' title='bbox 1354 2207 1549 2267; x_wconf 67' lang='lat' dir='ltr'>Herzog(</span> <span class='ocrx_word' id='word_1_276' title='bbox 1584 2204 1771 2256; x_wconf 56' lang='lat' dir='ltr'>‘Gescli</span> <span class='ocrx_word' id='word_1_277' title='bbox 1820 2224 1866 2256; x_wconf 90' lang='lat' dir='ltr'>u.</span> <span class='ocrx_word' id='word_1_278' title='bbox 1900 2208 2023 2269; x_wconf 70' lang='lat' dir='ltr'>Syst.</span> <span class='ocrx_word' id='word_1_279' title='bbox 2074 2210 2160 2256; x_wconf 76' lang='lat' dir='ltr'>cler</span> <span class='ocrx_word' id='word_1_280' title='bbox 2205 2214 2322 2256; x_wconf 81' lang='lat' dir='ltr'>ro&#39;m.</span> 
     </span>
     <span class='ocr_line' id='line_1_26' title="bbox 131 2285 823 2349; baseline -0.009 -10"><span class='ocrx_word' id='word_1_281' title='bbox 131 2285 437 2349; x_wconf 73' lang='lat' dir='ltr'>Staatsverfi’</span> <span class='ocrx_word' id='word_1_282' title='bbox 469 2290 500 2336; x_wconf 93' lang='grc'>1</span> <span class='ocrx_word' id='word_1_283' title='bbox 525 2305 578 2349; x_wconf 90' lang='lat' dir='ltr'>p.</span> <span class='ocrx_word' id='word_1_284' title='bbox 605 2290 674 2337; x_wconf 88' lang='grc'>21</span> <span class='ocrx_word' id='word_1_285' title='bbox 710 2289 823 2336; x_wconf 82' lang='lat' dir='ltr'><em>adn.</em></span> 
     </span>
    </p>

    <p class='ocr_par' dir='ltr' id='par_1_13' title="bbox 284 2376 2010 2440">
     <span class='ocr_line' id='line_1_27' title="bbox 284 2376 2010 2440; baseline 0.001 -14"><span class='ocrx_word' id='word_1_286' title='bbox 284 2381 370 2440; x_wconf 91' lang='lat'>44,</span> <span class='ocrx_word' id='word_1_287' title='bbox 399 2381 442 2426; x_wconf 90' lang='lat'>1.</span> <span class='ocrx_word' id='word_1_288' title='bbox 486 2378 739 2426; x_wconf 87' lang='lat' dir='ltr'>Palatium</span> <span class='ocrx_word' id='word_1_289' title='bbox 762 2392 858 2437; x_wconf 91' lang='lat' dir='ltr'>pro</span> <span class='ocrx_word' id='word_1_290' title='bbox 889 2376 1111 2423; x_wconf 85' lang='lat' dir='ltr'>Ariciam</span> <span class='ocrx_word' id='word_1_291' title='bbox 1153 2376 1352 2423; x_wconf 84' lang='lat' dir='ltr'>Valeton</span> <span class='ocrx_word' id='word_1_292' title='bbox 1388 2378 1627 2426; x_wconf 86' lang='lat' dir='ltr'>Mnemos.</span> <span class='ocrx_word' id='word_1_293' title='bbox 1662 2379 1769 2425; x_wconf 87' lang='lat' dir='ltr'>XX</span> <span class='ocrx_word' id='word_1_294' title='bbox 1786 2380 1858 2425; x_wconf 69' lang='grc' dir='ltr'>ΓΙ</span> <span class='ocrx_word' id='word_1_295' title='bbox 1874 2396 1926 2440; x_wconf 89' lang='lat' dir='ltr'>p.</span> <span class='ocrx_word' id='word_1_296' title='bbox 1965 2382 2010 2428; x_wconf 83' lang='grc'>8.</span> 
     </span>
    </p>

    <p class='ocr_par' dir='ltr' id='par_1_14' title="bbox 133 2451 2325 2609">
     <span class='ocr_line' id='line_1_28' title="bbox 284 2451 2325 2524; baseline 0 -16"><span class='ocrx_word' id='word_1_297' title='bbox 284 2462 371 2521; x_wconf 89' lang='grc'>44,</span> <span class='ocrx_word' id='word_1_298' title='bbox 401 2462 482 2508; x_wconf 93' lang='grc'>11.</span> <span class='ocrx_word' id='word_1_299' title='bbox 524 2458 667 2507; x_wconf 79' lang='lat' dir='ltr'>Adde</span> <span class='ocrx_word' id='word_1_300' title='bbox 691 2460 973 2507; x_wconf 75' lang='lat' dir='ltr'>testimoniis</span> <span class='ocrx_word' id='word_1_301' title='bbox 996 2458 1140 2518; x_wconf 89' lang='lat' dir='ltr'>Prop.</span> <span class='ocrx_word' id='word_1_302' title='bbox 1158 2457 1249 2505; x_wconf 89' lang='lat' dir='ltr'>IV</span> <span class='ocrx_word' id='word_1_303' title='bbox 1271 2461 1317 2514; x_wconf 87' lang='lat'>1,</span> <span class='ocrx_word' id='word_1_304' title='bbox 1346 2458 1420 2505; x_wconf 82' lang='lat'>35</span> <span class='ocrx_word' id='word_1_305' title='bbox 1443 2451 1598 2524; x_wconf 82' lang='lat' dir='ltr'>(Alba</span> <span class='ocrx_word' id='word_1_306' title='bbox 1630 2462 1820 2522; x_wconf 86' lang='lat' dir='ltr'>potens,</span> <span class='ocrx_word' id='word_1_307' title='bbox 1854 2461 1996 2509; x_wconf 86' lang='lat' dir='ltr'>albae</span> <span class='ocrx_word' id='word_1_308' title='bbox 2030 2464 2130 2509; x_wconf 85' lang='lat' dir='ltr'>suis</span> <span class='ocrx_word' id='word_1_309' title='bbox 2164 2462 2325 2510; x_wconf 90' lang='lat' dir='ltr'>omine</span> 
     </span>
     <span class='ocr_line' id='line_1_29' title="bbox 133 2536 2047 2609; baseline 0.001 -19"><span class='ocrx_word' id='word_1_310' title='bbox 133 2536 276 2609; x_wconf 84' lang='lat' dir='ltr'>nata)</span> <span class='ocrx_word' id='word_1_311' title='bbox 312 2546 353 2590; x_wconf 85' lang='lat' dir='ltr'>et</span> <span class='ocrx_word' id='word_1_312' title='bbox 384 2543 444 2602; x_wconf 75' lang='lat' dir='ltr'>cf.</span> <span class='ocrx_word' id='word_1_313' title='bbox 479 2543 537 2589; x_wconf 84' lang='lat' dir='ltr'>de</span> <span class='ocrx_word' id='word_1_314' title='bbox 569 2557 621 2589; x_wconf 88' lang='lat' dir='ltr'>rc</span> <span class='ocrx_word' id='word_1_315' title='bbox 652 2542 839 2589; x_wconf 70' lang='lat' dir='ltr'>Heince</span> <span class='ocrx_word' id='word_1_316' title='bbox 872 2536 1082 2601; x_wconf 72' lang='lat' dir='ltr'>‘Viryils</span> <span class='ocrx_word' id='word_1_317' title='bbox 1115 2540 1297 2599; x_wconf 80' lang='lat' dir='ltr'>epische</span> <span class='ocrx_word' id='word_1_318' title='bbox 1335 2536 1562 2588; x_wconf 76' lang='lat' dir='ltr'>Technik&#39;</span> <span class='ocrx_word' id='word_1_319' title='bbox 1587 2557 1641 2601; x_wconf 87' lang='lat' dir='ltr'>p.</span> <span class='ocrx_word' id='word_1_320' title='bbox 1678 2544 1746 2589; x_wconf 86' lang='lat'>90</span> <span class='ocrx_word' id='word_1_321' title='bbox 1781 2546 1824 2590; x_wconf 89' lang='lat' dir='ltr'>et</span> <span class='ocrx_word' id='word_1_322' title='bbox 1852 2544 1965 2591; x_wconf 82' lang='lat' dir='ltr'>adn.</span> <span class='ocrx_word' id='word_1_323' title='bbox 2003 2546 2047 2592; x_wconf 94' lang='lat'>1.</span> 
     </span>
    </p>

    <p class='ocr_par' dir='ltr' id='par_1_15' title="bbox 133 2622 2327 2846">
     <span class='ocr_line' id='line_1_30' title="bbox 283 2622 2327 2684; baseline 0.001 -14"><span class='ocrx_word' id='word_1_324' title='bbox 283 2625 370 2683; x_wconf 88' lang='lat'>44,</span> <span class='ocrx_word' id='word_1_325' title='bbox 400 2625 480 2672; x_wconf 87' lang='lat'>16.</span> <span class='ocrx_word' id='word_1_326' title='bbox 525 2623 732 2670; x_wconf 85' lang='lat' dir='ltr'>vendere</span> <span class='ocrx_word' id='word_1_327' title='bbox 757 2622 945 2670; x_wconf 85' lang='lat' dir='ltr'>vellent</span> <span class='ocrx_word' id='word_1_328' title='bbox 961 2622 1236 2669; x_wconf 84' lang='lat' dir='ltr'>Mommsen</span> <span class='ocrx_word' id='word_1_329' title='bbox 1260 2622 1398 2680; x_wconf 83' lang='lat' dir='ltr'>apud</span> <span class='ocrx_word' id='word_1_330' title='bbox 1413 2622 1694 2671; x_wconf 87' lang='lat' dir='ltr'>Brunsium</span> <span class='ocrx_word' id='word_1_331' title='bbox 1718 2625 1789 2670; x_wconf 91' lang='grc' dir='ltr'>ΙΙ</span> <span class='ocrx_word' id='word_1_332' title='bbox 1804 2640 1857 2684; x_wconf 90' lang='lat' dir='ltr'>p.</span> <span class='ocrx_word' id='word_1_333' title='bbox 1882 2625 1949 2672; x_wconf 85' lang='lat'>55</span> <span class='ocrx_word' id='word_1_334' title='bbox 1974 2639 2082 2673; x_wconf 89' lang='lat' dir='ltr'>cum</span> <span class='ocrx_word' id='word_1_335' title='bbox 2109 2626 2244 2673; x_wconf 75' lang='lat' dir='ltr'>GM:</span> <span class='ocrx_word' id='word_1_336' title='bbox 2275 2629 2327 2673; x_wconf 86' lang='lat' dir='ltr'>at</span> 
     </span>
     <span class='ocr_line' id='line_1_31' title="bbox 134 2703 2323 2766; baseline -0 -12"><span class='ocrx_word' id='word_1_337' title='bbox 134 2705 466 2755; x_wconf 82' lang='lat' dir='ltr'>venderentur</span> <span class='ocrx_word' id='word_1_338' title='bbox 488 2708 689 2765; x_wconf 83' lang='lat' dir='ltr'>propter</span> <span class='ocrx_word' id='word_1_339' title='bbox 713 2705 983 2752; x_wconf 83' lang='lat' dir='ltr'>testimonia</span> <span class='ocrx_word' id='word_1_340' title='bbox 1014 2703 1271 2751; x_wconf 82' lang='lat' dir='ltr'>obscurare</span> <span class='ocrx_word' id='word_1_341' title='bbox 1301 2704 1549 2752; x_wconf 87' lang='lat' dir='ltr'>noluimus</span> <span class='ocrx_word' id='word_1_342' title='bbox 1573 2707 1798 2766; x_wconf 73' lang='lat' dir='ltr'>(neyleoeit</span> <span class='ocrx_word' id='word_1_343' title='bbox 1830 2708 1955 2753; x_wconf 78' lang='lat' dir='ltr'>hunc</span> <span class='ocrx_word' id='word_1_344' title='bbox 1986 2708 2141 2754; x_wconf 90' lang='lat' dir='ltr'>locum</span> <span class='ocrx_word' id='word_1_345' title='bbox 2165 2708 2323 2755; x_wconf 76' lang='lat' dir='ltr'>Lach-</span> 
     </span>
     <span class='ocr_line' id='line_1_32' title="bbox 133 2781 1406 2846; baseline -0.002 -10"><span class='ocrx_word' id='word_1_346' title='bbox 133 2803 287 2836; x_wconf 88' lang='lat' dir='ltr'>mann</span> <span class='ocrx_word' id='word_1_347' title='bbox 320 2784 422 2834; x_wconf 69' lang='lat' dir='ltr'>‘Kl</span> <span class='ocrx_word' id='word_1_348' title='bbox 447 2781 602 2834; x_wconf 79' lang='lat' dir='ltr'>Schr.&#39;</span> <span class='ocrx_word' id='word_1_349' title='bbox 624 2802 676 2846; x_wconf 91' lang='lat' dir='ltr'>p.</span> <span class='ocrx_word' id='word_1_350' title='bbox 714 2787 820 2833; x_wconf 84' lang='lat'>193</span> <span class='ocrx_word' id='word_1_351' title='bbox 853 2788 896 2833; x_wconf 91' lang='lat' dir='ltr'>et</span> <span class='ocrx_word' id='word_1_352' title='bbox 924 2786 977 2832; x_wconf 87' lang='lat' dir='ltr'>in</span> <span class='ocrx_word' id='word_1_353' title='bbox 1009 2784 1156 2832; x_wconf 87' lang='lat' dir='ltr'>Lucr.</span> <span class='ocrx_word' id='word_1_354' title='bbox 1181 2800 1234 2845; x_wconf 90' lang='lat' dir='ltr'>p.</span> <span class='ocrx_word' id='word_1_355' title='bbox 1264 2785 1406 2843; x_wconf 83' lang='grc'>121).</span> 
     </span>
    </p>
   </div>
   <div class='ocr_carea' id='block_1_7' title="bbox 128 2872 2328 3510">
    <p class='ocr_par' dir='ltr' id='par_1_16' title="bbox 128 2872 2328 3510">
     <span class='ocr_line' id='line_1_33' title="bbox 286 2872 2325 2938; baseline 0.001 -14"><span class='ocrx_word' id='word_1_356' title='bbox 286 2879 370 2938; x_wconf 92' lang='grc'>44,</span> <span class='ocrx_word' id='word_1_357' title='bbox 400 2878 464 2924; x_wconf 86' lang='grc'>19</span> <span class='ocrx_word' id='word_1_358' title='bbox 483 2892 551 2937; x_wconf 79' lang='lat' dir='ltr'>sq.</span> <span class='ocrx_word' id='word_1_359' title='bbox 608 2877 686 2923; x_wconf 89' lang='lat' dir='ltr'>De</span> <span class='ocrx_word' id='word_1_360' title='bbox 729 2879 820 2922; x_wconf 85' lang='lat' dir='ltr'>toto</span> <span class='ocrx_word' id='word_1_361' title='bbox 863 2875 962 2922; x_wconf 89' lang='lat' dir='ltr'>loco</span> <span class='ocrx_word' id='word_1_362' title='bbox 1005 2875 1136 2922; x_wconf 85' lang='lat' dir='ltr'>docte</span> <span class='ocrx_word' id='word_1_363' title='bbox 1179 2876 1271 2934; x_wconf 67' lang='lat' dir='ltr'>coit</span> <span class='ocrx_word' id='word_1_364' title='bbox 1298 2873 1567 2923; x_wconf 83' lang='lat' dir='ltr'>Stowasser</span> <span class='ocrx_word' id='word_1_365' title='bbox 1601 2872 1980 2925; x_wconf 73' lang='lat' dir='ltr'>‘Jaliresbericlet</span> <span class='ocrx_word' id='word_1_366' title='bbox 2022 2879 2104 2925; x_wconf 85' lang='lat' dir='ltr'>des</span> <span class='ocrx_word' id='word_1_367' title='bbox 2136 2878 2325 2927; x_wconf 71' lang='lat' dir='ltr'>Franz-</span> 
     </span>
     <span class='ocr_line' id='line_1_34' title="bbox 135 2948 2325 3022; baseline 0 -15"><span class='ocrx_word' id='word_1_368' title='bbox 135 2953 558 3019; x_wconf 70' lang='lat' dir='ltr'>Joseph-Gymn.’</span> <span class='ocrx_word' id='word_1_369' title='bbox 584 2973 629 3006; x_wconf 92' lang='lat' dir='ltr'>a.</span> <span class='ocrx_word' id='word_1_370' title='bbox 660 2950 965 3022; x_wconf 73' lang='lat' dir='ltr'><em>1890s1891</em></span> <span class='ocrx_word' id='word_1_371' title='bbox 984 2972 1038 3016; x_wconf 89' lang='lat' dir='ltr'>p.</span> <span class='ocrx_word' id='word_1_372' title='bbox 1064 2956 1102 3001; x_wconf 88' lang='grc' dir='ltr'><em>Ι</em></span> <span class='ocrx_word' id='word_1_373' title='bbox 1109 2970 1207 3016; x_wconf 77' lang='lat' dir='ltr'>sqq.</span> <span class='ocrx_word' id='word_1_374' title='bbox 1258 2948 1368 3021; x_wconf 83' lang='lat' dir='ltr'>(sed</span> <span class='ocrx_word' id='word_1_375' title='bbox 1400 2956 1544 3005; x_wconf 91' lang='lat' dir='ltr'>Iones</span> <span class='ocrx_word' id='word_1_376' title='bbox 1585 2959 1714 3005; x_wconf 85' lang='lat' dir='ltr'>ostia</span> <span class='ocrx_word' id='word_1_377' title='bbox 1754 2961 1974 3006; x_wconf 89' lang='lat' dir='ltr'>ortorum</span> <span class='ocrx_word' id='word_1_378' title='bbox 2014 2960 2325 3021; x_wconf 78' lang='lat' dir='ltr'>macellotas3</span> 
     </span>
     <span class='ocr_line' id='line_1_35' title="bbox 136 3031 2324 3105; baseline 0 -17"><span class='ocrx_word' id='word_1_379' title='bbox 136 3035 477 3105; x_wconf 82' lang='lat' dir='ltr'>&lt;D&gt;oriorum</span> <span class='ocrx_word' id='word_1_380' title='bbox 508 3042 558 3087; x_wconf 89' lang='lat' dir='ltr'>et</span> <span class='ocrx_word' id='word_1_381' title='bbox 591 3039 784 3087; x_wconf 88' lang='lat' dir='ltr'>castelli</span> <span class='ocrx_word' id='word_1_382' title='bbox 815 3031 1038 3103; x_wconf 80' lang='lat' dir='ltr'>macelli)</span> <span class='ocrx_word' id='word_1_383' title='bbox 1050 3055 1067 3095; x_wconf 88' lang='lat'>,·</span> <span class='ocrx_word' id='word_1_384' title='bbox 1107 3051 1228 3085; x_wconf 91' lang='lat' dir='ltr'>sane</span> <span class='ocrx_word' id='word_1_385' title='bbox 1258 3034 1295 3102; x_wconf 82' lang='lat'>†</span> <span class='ocrx_word' id='word_1_386' title='bbox 1328 3042 1440 3086; x_wconf 85' lang='lat' dir='ltr'>ante</span> <span class='ocrx_word' id='word_1_387' title='bbox 1473 3039 1761 3088; x_wconf 86' lang='lat' dir='ltr'>macellotas</span> <span class='ocrx_word' id='word_1_388' title='bbox 1786 3041 2001 3089; x_wconf 82' lang='lat' dir='ltr'>delenda.</span> <span class='ocrx_word' id='word_1_389' title='bbox 2045 3042 2181 3101; x_wconf 74' lang='lat' dir='ltr'>Quod</span> <span class='ocrx_word' id='word_1_390' title='bbox 2213 3043 2324 3089; x_wconf 86' lang='lat' dir='ltr'>hor-</span> 
     </span>
     <span class='ocr_line' id='line_1_36' title="bbox 135 3121 2328 3184; baseline 0.001 -15"><span class='ocrx_word' id='word_1_391' title='bbox 135 3124 298 3169; x_wconf 87' lang='lat' dir='ltr'>torum</span> <span class='ocrx_word' id='word_1_392' title='bbox 322 3135 418 3181; x_wconf 91' lang='lat' dir='ltr'>pro</span> <span class='ocrx_word' id='word_1_393' title='bbox 443 3122 667 3169; x_wconf 90' lang='lat' dir='ltr'>ortorum</span> <span class='ocrx_word' id='word_1_394' title='bbox 689 3121 989 3181; x_wconf 79' lang='lat' dir='ltr'>scripsimus,</span> <span class='ocrx_word' id='word_1_395' title='bbox 1013 3133 1432 3178; x_wconf 79' lang='lat' dir='ltr'>supervacaneum</span> <span class='ocrx_word' id='word_1_396' title='bbox 1456 3124 1597 3182; x_wconf 73' lang='lat' dir='ltr'>atque</span> <span class='ocrx_word' id='word_1_397' title='bbox 1629 3123 1748 3170; x_wconf 80' lang='lat' dir='ltr'>adeo</span> <span class='ocrx_word' id='word_1_398' title='bbox 1778 3123 1963 3183; x_wconf 80' lang='lat' dir='ltr'>falsum</span> <span class='ocrx_word' id='word_1_399' title='bbox 1993 3124 2149 3172; x_wconf 79' lang='lat' dir='ltr'>videri</span> <span class='ocrx_word' id='word_1_400' title='bbox 2171 3128 2328 3184; x_wconf 87' lang='lat' dir='ltr'>potest</span> 
     </span>
     <span class='ocr_line' id='line_1_37' title="bbox 128 3202 2326 3266; baseline 0.001 -16"><span class='ocrx_word' id='word_1_401' title='bbox 128 3206 329 3264; x_wconf 82' lang='lat' dir='ltr'>propter</span> <span class='ocrx_word' id='word_1_402' title='bbox 359 3203 687 3263; x_wconf 65' lang='lat' dir='ltr'>fracmentum</span> <span class='ocrx_word' id='word_1_403' title='bbox 720 3203 805 3258; x_wconf 88' lang='grc'>80,</span> <span class='ocrx_word' id='word_1_404' title='bbox 847 3216 1050 3262; x_wconf 76' lang='lat' dir='ltr'>quocum</span> <span class='ocrx_word' id='word_1_405' title='bbox 1093 3202 1300 3249; x_wconf 74' lang='lat' dir='ltr'>concinit</span> <span class='ocrx_word' id='word_1_406' title='bbox 1333 3202 1380 3250; x_wconf 92' lang='lat' dir='ltr'><strong><em>V</em></strong></span> <span class='ocrx_word' id='word_1_407' title='bbox 1408 3203 1504 3250; x_wconf 78' lang='lat'>88:</span> <span class='ocrx_word' id='word_1_408' title='bbox 1549 3218 1844 3264; x_wconf 79' lang='lat' dir='ltr'>quamquam</span> <span class='ocrx_word' id='word_1_409' title='bbox 1876 3207 1920 3253; x_wconf 89' lang='lat' dir='ltr'>et</span> <span class='ocrx_word' id='word_1_410' title='bbox 1959 3207 2013 3252; x_wconf 89' lang='lat' dir='ltr'>in</span> <span class='ocrx_word' id='word_1_411' title='bbox 2055 3207 2326 3266; x_wconf 75' lang='lat' dir='ltr'>fraymento</span> 
     </span>
     <span class='ocr_line' id='line_1_38' title="bbox 137 3282 2326 3343; baseline 0.001 -11"><span class='ocrx_word' id='word_1_412' title='bbox 137 3285 314 3333; x_wconf 83' lang='lat' dir='ltr'>dicitur</span> <span class='ocrx_word' id='word_1_413' title='bbox 345 3284 464 3332; x_wconf 82' lang='lat' dir='ltr'>dici</span> <span class='ocrx_word' id='word_1_414' title='bbox 495 3284 714 3339; x_wconf 79' lang='lat' dir='ltr'>debere,</span> <span class='ocrx_word' id='word_1_415' title='bbox 745 3297 844 3331; x_wconf 90' lang='lat' dir='ltr'>non</span> <span class='ocrx_word' id='word_1_416' title='bbox 874 3283 1006 3339; x_wconf 84' lang='lat' dir='ltr'>dici,</span> <span class='ocrx_word' id='word_1_417' title='bbox 1039 3285 1082 3331; x_wconf 86' lang='lat' dir='ltr'>et</span> <span class='ocrx_word' id='word_1_418' title='bbox 1106 3282 1152 3331; x_wconf 90' lang='lat' dir='ltr'><strong><em>V</em></strong></span> <span class='ocrx_word' id='word_1_419' title='bbox 1178 3283 1252 3330; x_wconf 88' lang='grc'>88</span> <span class='ocrx_word' id='word_1_420' title='bbox 1280 3297 1380 3330; x_wconf 93' lang='lat' dir='ltr'>non</span> <span class='ocrx_word' id='word_1_421' title='bbox 1417 3284 1557 3332; x_wconf 84' lang='lat' dir='ltr'>modo</span> <span class='ocrx_word' id='word_1_422' title='bbox 1590 3286 1761 3334; x_wconf 91' lang='lat' dir='ltr'>cohors</span> <span class='ocrx_word' id='word_1_423' title='bbox 1792 3288 2036 3343; x_wconf 78' lang='lat' dir='ltr'>scribitur,</span> <span class='ocrx_word' id='word_1_424' title='bbox 2066 3288 2152 3335; x_wconf 83' lang='lat' dir='ltr'>secl</span> <span class='ocrx_word' id='word_1_425' title='bbox 2183 3289 2326 3335; x_wconf 88' lang='lat' dir='ltr'>etiam</span> 
     </span>
     <span class='ocr_line' id='line_1_39' title="bbox 136 3363 2325 3432; baseline 0 -18"><span class='ocrx_word' id='word_1_426' title='bbox 136 3363 310 3432; x_wconf 82' lang='grc' dir='ltr'><strong><em>χόρτον</em></strong></span> <span class='ocrx_word' id='word_1_427' title='bbox 342 3365 655 3426; x_wconf 65' lang='grc' dir='ltr'>αάᾶαφιρὶΐων;</span> <span class='ocrx_word' id='word_1_428' title='bbox 697 3367 816 3424; x_wconf 79' lang='lat' dir='ltr'>quin</span> <span class='ocrx_word' id='word_1_429' title='bbox 855 3366 1002 3412; x_wconf 88' lang='lat' dir='ltr'>immo</span> <span class='ocrx_word' id='word_1_430' title='bbox 1044 3366 1251 3424; x_wconf 82' lang='lat' dir='ltr'>fortasse</span> <span class='ocrx_word' id='word_1_431' title='bbox 1280 3365 1363 3412; x_wconf 87' lang='lat' dir='ltr'>illo</span> <span class='ocrx_word' id='word_1_432' title='bbox 1403 3367 1503 3413; x_wconf 91' lang='lat' dir='ltr'>loco</span> <span class='ocrx_word' id='word_1_433' title='bbox 1544 3367 1701 3415; x_wconf 91' lang='lat' dir='ltr'>Varro</span> <span class='ocrx_word' id='word_1_434' title='bbox 1731 3383 1792 3416; x_wconf 90' lang='lat' dir='ltr'>ne</span> <span class='ocrx_word' id='word_1_435' title='bbox 1822 3370 2016 3429; x_wconf 78' lang='lat' dir='ltr'>scripsit</span> <span class='ocrx_word' id='word_1_436' title='bbox 2044 3370 2236 3428; x_wconf 77' lang='lat' dir='ltr'>quidem</span> <span class='ocrx_word' id='word_1_437' title='bbox 2267 3369 2325 3416; x_wconf 81' lang='lat' dir='ltr'>de</span> 
     </span>
     <span class='ocr_line' id='line_1_40' title="bbox 139 3444 2326 3510; baseline 0.001 -15"><span class='ocrx_word' id='word_1_438' title='bbox 139 3449 264 3503; x_wconf 85' lang='lat' dir='ltr'>orto,</span> <span class='ocrx_word' id='word_1_439' title='bbox 295 3448 380 3495; x_wconf 80' lang='lat' dir='ltr'>sed</span> <span class='ocrx_word' id='word_1_440' title='bbox 411 3446 470 3495; x_wconf 83' lang='lat' dir='ltr'>de</span> <span class='ocrx_word' id='word_1_441' title='bbox 496 3444 644 3502; x_wconf 80' lang='lat' dir='ltr'>OrcO‚</span> <span class='ocrx_word' id='word_1_442' title='bbox 678 3447 805 3507; x_wconf 77' lang='lat' dir='ltr'>quod</span> <span class='ocrx_word' id='word_1_443' title='bbox 836 3461 944 3494; x_wconf 89' lang='lat' dir='ltr'>cum</span> <span class='ocrx_word' id='word_1_444' title='bbox 969 3444 1181 3494; x_wconf 85' lang='lat' dir='ltr'>Graccus</span> <span class='ocrx_word' id='word_1_445' title='bbox 1212 3447 1407 3495; x_wconf 89' lang='lat' dir='ltr'>nomine</span> <span class='ocrx_word' id='word_1_446' title='bbox 1438 3448 1611 3496; x_wconf 89' lang='lat' dir='ltr'>melius</span> <span class='ocrx_word' id='word_1_447' title='bbox 1644 3451 1786 3497; x_wconf 88' lang='lat' dir='ltr'>etiam</span> <span class='ocrx_word' id='word_1_448' title='bbox 1819 3450 2127 3510; x_wconf 69' lang='lat' dir='ltr'>coniunqitur</span> <span class='ocrx_word' id='word_1_449' title='bbox 2159 3453 2202 3498; x_wconf 85' lang='lat' dir='ltr'>et</span> <span class='ocrx_word' id='word_1_450' title='bbox 2229 3453 2326 3498; x_wconf 83' lang='lat' dir='ltr'>sta·</span> 
     </span>
    </p>
   </div>
   <div class='ocr_carea' id='block_1_8' title="bbox 140 3525 2418 3590">
    <p class='ocr_par' dir='ltr' id='par_1_17' title="bbox 140 3525 2418 3590">
     <span class='ocr_line' id='line_1_41' title="bbox 140 3525 2418 3590; baseline -0 -13"><span class='ocrx_word' id='word_1_451' title='bbox 140 3529 273 3577; x_wconf 91' lang='lat' dir='ltr'>biliri</span> <span class='ocrx_word' id='word_1_452' title='bbox 294 3531 453 3589; x_wconf 85' lang='lat' dir='ltr'>potest</span> <span class='ocrx_word' id='word_1_453' title='bbox 482 3543 540 3577; x_wconf 73' lang='lat' dir='ltr'>ew</span> <span class='ocrx_word' id='word_1_454' title='bbox 571 3528 618 3577; x_wconf 92' lang='lat' dir='ltr'><strong><em>V</em></strong></span> <span class='ocrx_word' id='word_1_455' title='bbox 641 3530 722 3576; x_wconf 90' lang='lat'>66.</span> <span class='ocrx_word' id='word_1_456' title='bbox 762 3525 920 3589; x_wconf 78' lang='lat' dir='ltr'>Atque</span> <span class='ocrx_word' id='word_1_457' title='bbox 949 3527 1050 3576; x_wconf 88' lang='lat' dir='ltr'>illic</span> <span class='ocrx_word' id='word_1_458' title='bbox 1080 3528 1277 3575; x_wconf 87' lang='lat' dir='ltr'>omnia</span> <span class='ocrx_word' id='word_1_459' title='bbox 1309 3527 1539 3577; x_wconf 89' lang='lat' dir='ltr'>oriuntur</span> <span class='ocrx_word' id='word_1_460' title='bbox 1567 3545 1718 3590; x_wconf 76' lang='lat' dir='ltr'>neque</span> <span class='ocrx_word' id='word_1_461' title='bbox 1749 3531 1816 3578; x_wconf 86' lang='lat' dir='ltr'>ad</span> <span class='ocrx_word' id='word_1_462' title='bbox 1846 3532 2036 3578; x_wconf 79' lang='lat' dir='ltr'>hortum</span> <span class='ocrx_word' id='word_1_463' title='bbox 2068 3545 2325 3579; x_wconf 87' lang='lat' dir='ltr'>accommo-</span> <span class='ocrx_word' id='word_1_464' title='bbox 2415 3573 2418 3576; x_wconf 85' lang='lat'><em>.</em></span> 
     </span>
    </p>
   </div>
   <div class='ocr_carea' id='block_1_9' title="bbox 140 3600 2327 3752">
    <p class='ocr_par' dir='ltr' id='par_1_18' title="bbox 140 3600 2327 3752">
     <span class='ocr_line' id='line_1_42' title="bbox 140 3600 2327 3675; baseline 0 -17"><span class='ocrx_word' id='word_1_465' title='bbox 140 3610 311 3658; x_wconf 83' lang='lat' dir='ltr'>datwm</span> <span class='ocrx_word' id='word_1_466' title='bbox 342 3613 410 3658; x_wconf 87' lang='lat' dir='ltr'>est</span> <span class='ocrx_word' id='word_1_467' title='bbox 442 3608 697 3670; x_wconf 77' lang='lat' dir='ltr'>(exspectes</span> <span class='ocrx_word' id='word_1_468' title='bbox 731 3610 859 3657; x_wconf 71' lang='lat' dir='ltr'>velut</span> <span class='ocrx_word' id='word_1_469' title='bbox 898 3608 1100 3669; x_wconf 87' lang='lat' dir='ltr'>herbae)</span> <span class='ocrx_word' id='word_1_470' title='bbox 1131 3600 1283 3668; x_wconf 77' lang='lat' dir='ltr'>neque</span> <span class='ocrx_word' id='word_1_471' title='bbox 1315 3609 1380 3657; x_wconf 82' lang='lat' dir='ltr'>ad</span> <span class='ocrx_word' id='word_1_472' title='bbox 1416 3609 1594 3658; x_wconf 88' lang='lat' dir='ltr'>Orcum</span> <span class='ocrx_word' id='word_1_473' title='bbox 1627 3610 1733 3671; x_wconf 88' lang='lat' dir='ltr'>(ubi</span> <span class='ocrx_word' id='word_1_474' title='bbox 1764 3613 1929 3659; x_wconf 82' lang='lat' dir='ltr'>omnia</span> <span class='ocrx_word' id='word_1_475' title='bbox 1961 3606 2327 3675; x_wconf 81' lang='lat' dir='ltr'>&lt;ab&gt;oriuntur</span> 
     </span>
     <span class='ocr_line' id='line_1_43' title="bbox 141 3690 2324 3752; baseline 0 -12"><span class='ocrx_word' id='word_1_476' title='bbox 141 3690 394 3752; x_wconf 71' lang='lat' dir='ltr'>corriyas),</span> <span class='ocrx_word' id='word_1_477' title='bbox 424 3693 523 3740; x_wconf 88' lang='lat' dir='ltr'>nisi</span> <span class='ocrx_word' id='word_1_478' title='bbox 547 3693 714 3739; x_wconf 88' lang='lat' dir='ltr'>omnia</span> <span class='ocrx_word' id='word_1_479' title='bbox 738 3690 967 3739; x_wconf 85' lang='lat' dir='ltr'>oriuntur</span> <span class='ocrx_word' id='word_1_480' title='bbox 989 3693 1138 3738; x_wconf 88' lang='lat' dir='ltr'>restat</span> <span class='ocrx_word' id='word_1_481' title='bbox 1167 3690 1294 3737; x_wconf 88' lang='lat' dir='ltr'>male</span> <span class='ocrx_word' id='word_1_482' title='bbox 1329 3694 1600 3751; x_wconf 79' lang='lat' dir='ltr'>excerptum</span> <span class='ocrx_word' id='word_1_483' title='bbox 1631 3707 1687 3739; x_wconf 75' lang='lat' dir='ltr'>ex</span> <span class='ocrx_word' id='word_1_484' title='bbox 1717 3693 1935 3740; x_wconf 88' lang='lat' dir='ltr'>uberiore</span> <span class='ocrx_word' id='word_1_485' title='bbox 1966 3694 2063 3740; x_wconf 92' lang='lat' dir='ltr'>loco</span> <span class='ocrx_word' id='word_1_486' title='bbox 2088 3716 2146 3729; x_wconf 56' lang='lat' dir='ltr'><strong><em>z</em></strong></span> <span class='ocrx_word' id='word_1_487' title='bbox 2175 3694 2217 3739; x_wconf 92' lang='lat' dir='ltr'><strong><em>V</em></strong></span> <span class='ocrx_word' id='word_1_488' title='bbox 2242 3696 2273 3740; x_wconf 86' lang='lat'><em>6</em></span> <span class='ocrx_word' id='word_1_489' title='bbox 2279 3696 2324 3740; x_wconf 87' lang='lat'>6.</span> 
     </span>
    </p>
   </div>
   <div class='ocr_carea' id='block_1_10' title="bbox 230 3779 2206 3912">
    <p class='ocr_par' dir='ltr' id='par_1_19' title="bbox 230 3779 2206 3912">
     <span class='ocr_line' id='line_1_44' title="bbox 291 3779 2206 3843; baseline 0 -13"><span class='ocrx_word' id='word_1_490' title='bbox 291 3781 376 3843; x_wconf 86' lang='lat'>45,</span> <span class='ocrx_word' id='word_1_491' title='bbox 403 3783 450 3829; x_wconf 89' lang='lat'>2.</span> <span class='ocrx_word' id='word_1_492' title='bbox 500 3781 593 3830; x_wconf 70' lang='lat' dir='ltr'>Vim</span> <span class='ocrx_word' id='word_1_493' title='bbox 625 3780 849 3829; x_wconf 80' lang='lat' dir='ltr'>credibile</span> <span class='ocrx_word' id='word_1_494' title='bbox 880 3796 912 3829; x_wconf 93' lang='lat' dir='ltr'>a</span> <span class='ocrx_word' id='word_1_495' title='bbox 945 3780 1165 3829; x_wconf 90' lang='lat' dir='ltr'>Varrone</span> <span class='ocrx_word' id='word_1_496' title='bbox 1196 3781 1359 3828; x_wconf 84' lang='lat' dir='ltr'>forum</span> <span class='ocrx_word' id='word_1_497' title='bbox 1391 3784 1503 3828; x_wconf 88' lang='lat' dir='ltr'>ante</span> <span class='ocrx_word' id='word_1_498' title='bbox 1533 3779 1802 3842; x_wconf 86' lang='lat' dir='ltr'>piscarium</span> <span class='ocrx_word' id='word_1_499' title='bbox 1833 3782 2064 3830; x_wconf 85' lang='lat' dir='ltr'>omissum</span> <span class='ocrx_word' id='word_1_500' title='bbox 2096 3796 2206 3830; x_wconf 88' lang='lat' dir='ltr'>esse.</span> 
     </span>
     <span class='ocr_line' id='line_1_45' title="bbox 230 3867 1967 3912; baseline 0.001 -8"><span class='ocrx_word' id='word_1_501' title='bbox 230 3872 353 3904; x_wconf 73' lang='lat' dir='ltr'>Varro</span> <span class='ocrx_word' id='word_1_502' title='bbox 378 3871 424 3903; x_wconf 86' lang='lat' dir='ltr'>de</span> <span class='ocrx_word' id='word_1_503' title='bbox 450 3872 546 3912; x_wconf 80' lang='lat' dir='ltr'>ling.</span> <span class='ocrx_word' id='word_1_504' title='bbox 567 3872 633 3903; x_wconf 69' lang='lat' dir='ltr'>lat.</span> <span class='ocrx_word' id='word_1_505' title='bbox 1915 3867 1967 3906; x_wconf 81' lang='grc'>17</span> 
     </span>
    </p>
   </div>
  </div>
 </body>
</html>
