2600 4198
214 277 240 316 3

276 124 346 176 58
1064 125 1144 169 DE
1177 123 1408 170 LINGVA
1439 125 1667 171 LATmA

422 260 471 312 2.
534 260 771 313 dicemus
817 260 993 330 primo
1041 261 1105 313 de
1152 261 1484 330 temporibus
1533 280 1696 331 quam
1745 282 1882 332 quae
1920 283 2015 335 per
2055 283 2116 319 ea
2153 266 2313 335 fiunt,
2363 267 2454 320 sed

272 350 348 402 ita
379 352 440 402 ut
470 352 594 402 ante
627 349 690 402 de
719 352 912 402 natura
945 367 1151 403 eorum:
1192 368 1254 403 ea
1285 349 1427 402 enim
1460 350 1567 403 dux
1606 351 1710 404 fuit
1743 353 1810 404 ad
1840 354 2100 407 vocabula
2132 355 2455 424 imponenda

272 437 494 491 homini.
558 441 769 506 tempus
803 456 916 490 esse
950 438 1135 491 dicunt
1167 437 1578 506 in<ter>vallum
1611 440 1798 494 mundi
1838 441 1938 512 [et]
1981 446 2174 496 motus
2236 443 2292 497 id
2323 443 2455 497 divi-

272 546 389 580 sum
440 527 496 578 in
548 529 725 595 partes
777 527 986 595 aliquot
1034 526 1264 579 maxime
1311 527 1376 579 ab
1427 527 1554 580 solis
1604 532 1656 580 et
1701 529 1858 582 lunae
1913 549 2085 584 cursu.
2162 533 2342 601 itaque
2388 533 2456 586 ab

271 634 454 668 eorum
496 618 681 667 tenore
720 618 1018 683 temperato
1058 618 1270 683 tempus
1312 615 1529 684 dictum,
1576 618 1717 671 unde
1755 620 2094 690 tempestiva3
2142 624 2195 673 et
2235 639 2265 673 a
2304 624 2457 675 motu

271 722 454 757 eorum
496 703 589 772 qui
627 706 743 756 toto
778 704 924 756 caelo
958 704 1273 756 coniunctus
1314 705 1557 758 mundus,
1621 705 1724 759 duo
1758 711 1937 760 motus
1971 730 1995 757 »ι
2024 730 2049 758 *
2077 730 2102 757 *
2137 728 2261 763 casu
2292 710 2457 779 venit,

273 810 379 861 quo
432 795 642 860 tempus
695 791 751 843 id
802 792 866 844 ab
918 791 1022 844 hoc
1073 792 1170 845 deo
1222 793 1334 845 dies
1385 796 1699 862 appellatur.
1776 796 2024 849 meridies
2080 797 2145 850 ab
2198 817 2259 851 eo
2313 799 2458 868 quod

274 881 481 933 medius
521 881 646 933 dies.
710 880 758 932 D
793 881 1017 951 antiqui,
1055 900 1165 934 non
1195 882 1244 934 R
1284 883 1339 935 in
1378 882 1480 935 hoe
1513 883 1773 952 dicebant,
1814 888 1873 937 ut
1904 885 2188 939 Praeneste
2228 887 2456 940 incisum

268 972 326 1023 in
366 970 561 1022 solario
602 969 727 1022 vidi.
806 970 1062 1023 solarium
1102 971 1306 1024 dictum
1352 973 1429 1041 id,
1480 973 1535 1025 in
1583 991 1689 1042 quo
1737 974 1900 1026 horae
1947 974 2004 1027 in
2051 974 2162 1043 sole
2208 976 2456 1045 inspicie-

267 1059 477 1129 bantur,
519 1059 661 1127 quod
694 1056 970 1112 Cornelius
1012 1060 1066 1111 in
1106 1060 1329 1113 basilica
1360 1059 1590 1114 Aemilia
1631 1066 1684 1115 et
1715 1062 1905 1115 Fulvia
1945 1063 2285 1117 inumbravit.
2350 1064 2454 1117 diei

268 1149 595 1218 principium
635 1167 812 1215 mane,
852 1149 995 1217 quod
1034 1153 1150 1202 tum
1190 1154 1371 1202 manat
1412 1150 1523 1203 dies
1563 1151 1629 1203 ab
1672 1152 1898 1219 oriente,
1946 1153 2050 1204 nisi
2090 1153 2270 1222 potius
2312 1153 2454 1223 quod

266 1236 467 1289 bonum
499 1236 708 1305 antiqui
749 1237 996 1290 dicebant
1027 1257 1260 1307 manum,
1300 1240 1367 1291 ad
1407 1240 1705 1293 cuiusmodi
1745 1241 2061 1311 religionem
2105 1240 2291 1295 Graeci
2326 1261 2455 1311 quo-

422 1431 446 1470 3
483 1427 550 1482 Cf.
580 1428 623 1471 V
648 1431 733 1482 12,·
763 1427 883 1472 Stob.
903 1429 1004 1473 Eel.
1023 1429 1058 1471 I
1076 1433 1121 1482 8,
1139 1432 1199 1473 42
1218 1431 1489 1485 (105,8W.)
1524 1445 1579 1474 eze
1611 1431 1889 1486 Apollodoro
1922 1430 2105 1488 (χρόνος
2137 1432 2230 1476 ἐστὶ
2260 1439 2341 1489 τῆς
2372 1439 2454 1476 τοῦ

265 1483 440 1542 κόσμου
472 1485 693 1542 κινήσεως
726 1485 976 1542 διάστασις)
988 1505 1000 1530 .·
1031 1489 1088 1541 ef.
1117 1492 1219 1541 104,
1238 1492 1277 1532 7.
1314 1493 1416 1542 105,
1433 1493 1506 1533 20.
1543 1493 1690 1543 106‚5
1723 1496 1764 1534 et
1794 1506 1831 1535 υ.
1856 1491 2117 1536 Wilmanns
2142 1495 2212 1544 11,
2246 1492 2456 1536 Reitzen-

264 1548 382 1590 stein
413 1550 469 1590 31
503 1547 608 1590 adn.
635 1550 666 1590 2
712 1548 725 1603 Η
773 1551 879 1602 5341.
916 1547 983 1602 Cf.
1019 1548 1138 1592 Fest.
1167 1549 1312 1592 Pauli
1344 1552 1445 1602 143,
1471 1553 1495 1592 1
1537 1549 1754 1605 (mundus
1791 1587 1798 1593 .
1827 1586 1834 1593 .
1865 1586 1872 1594 .
1902 1587 1909 1594 .
1945 1551 2055 1605 quia
2095 1564 2189 1594 non
2230 1550 2350 1594 alius
2385 1553 2457 1595 est

266 1619 407 1660 quam
439 1605 564 1661 quod
597 1606 769 1650 moveri
802 1608 973 1664 potest)
984 1625 1000 1661 ,·
1032 1608 1144 1651 Isid.
1174 1608 1318 1652 XIII
1337 1613 1378 1662 1,
1397 1613 1420 1652 1
1455 1608 1621 1665 (latine
1654 1622 1682 1653 a
1713 1609 2005 1666 philosophis
2032 1610 2216 1663 dicitur,
2251 1610 2376 1666 quod
2407 1610 2457 1653 in

268 1665 548 1720 sempiterno
574 1666 704 1708 motu
730 1665 834 1722 sie),-
866 1667 999 1711 aliter
1025 1667 1170 1711 Varro
1194 1673 1277 1711 sat.
1307 1667 1431 1712 Men.
1459 1669 1547 1726 fry.
1563 1672 1660 1713 420
1691 1670 1736 1724 (a
1760 1669 1979 1725 puritia);
2013 1669 2244 1714 Censorin.
2272 1670 2313 1713 d.
2340 1670 2382 1713 d.
2408 1684 2453 1714 n.

265 1727 341 1778 23,
364 1726 439 1780 211
486 1729 588 1780 7sq.
625 1725 693 1779 Of.
728 1726 847 1770 Fest.
883 1727 1028 1770 Pauli
1071 1729 1188 1780 74,7
1228 1726 1344 1782 (dies
1390 1727 1542 1771 dictus
1588 1729 1712 1784 quod
1757 1729 1904 1773 divini
1948 1729 2010 1772 sit
2054 1729 2207 1785 operis
2255 1728 2350 1772 sive
2394 1730 2454 1773 ab

263 1783 369 1827 Iove
401 1784 500 1827 eius
532 1786 585 1827 ut
616 1785 849 1840 putabant
880 1787 1072 1841 rectore,
1106 1786 1186 1842 qui
1218 1799 1386 1842 graece
1419 1786 1513 1831 Δία
1545 1787 1855 1843 appellatur);
1901 1790 2049 1833 Maer.
2086 1791 2120 1832 I
2147 1792 2218 1842 15,
2244 1793 2299 1832 14
2332 1791 2455 1845 (cum

265 1842 419 1887 Iovem
452 1843 737 1899 accipiamus
770 1843 887 1887 lucis
922 1847 1171 1900 auctorem,
1204 1846 1329 1890 unde
1365 1883 1371 1889 .
1402 1883 1409 1890 .
1440 1882 1446 1889 .
1483 1849 1529 1889 et
1562 1846 1802 1890 Cretenses
1829 1845 1923 1891 Δία
1954 1847 2038 1904 τὴν
2070 1847 2247 1905 ἡμέραν
2271 1849 2455 1903 vocant,

262 1902 354 1958 ipsi
388 1917 571 1958 quoque
603 1903 801 1947 Romani
826 1903 1109 1961 Diespitrem
1142 1905 1386 1960 appellant
1418 1908 1472 1949 ut
1505 1906 1598 1949 diei
1630 1908 1844 1962 patrem).
1895 1908 1967 1951 De
1990 1908 2096 1951 Iove
2120 1909 2188 1952 vel
2219 1907 2455 1964 Diespitre

264 1976 390 2018 quem
422 1968 812 2007 commemoratum
852 1978 940 2008 esse
970 1965 1068 2009 vult
1098 1965 1405 2009 Reitzenstein
1436 1969 1508 2020 32,
1552 1967 1608 2020 ef.
1635 1972 1871 2023 praeterea
1903 1967 1966 2010 ad
1996 1971 2071 2020 21,
2090 1972 2145 2011 11
2199 1967 2201 2024 j
2257 1966 2324 2021 Cf.
2362 1967 2453 2012 Oie.

267 2036 331 2066 or.
368 2025 457 2065 157
489 2021 746 2079 (meridiem
779 2036 860 2066 cur
891 2037 983 2066 non
1014 2023 1341 2078 medidiem?);
1385 2026 1539 2083 Quint.
1574 2027 1608 2068 I
1634 2029 1675 2080 6,
1702 2029 1762 2069 30
1802 2026 2062 2082 (meridiem
2104 2040 2163 2069 an
2202 2026 2456 2070 medidiem

264 2082 479 2136 oporteat
511 2081 765 2138 quaeritur)
780 2100 793 2134 ‚·
826 2083 948 2127 Don.
975 2085 1026 2127 in
1051 2084 1139 2127 Ad.
1169 2085 1213 2128 V
1237 2087 1278 2137 3,
1297 2088 1355 2129 62
1387 2084 1649 2140 (meridiem
1680 2088 1858 2129 veteres
1892 2086 2109 2129 dixerunt
2142 2085 2277 2141 quasi
2309 2085 2455 2130 medi-

266 2141 389 2184 diem
420 2155 443 2183 r
475 2155 557 2196 pro
592 2141 621 2184 d
652 2142 808 2197 posita
848 2144 1039 2198 propter
1079 2144 1406 2198 cognationem
1446 2144 1568 2188 inter
1609 2158 1656 2187 se
1697 2146 1861 2187 harum
1901 2145 2182 2200 litterarum)
2194 2163 2210 2199 ,·
2245 2147 2393 2190 Macr.
2429 2146 2465 2189 I

264 2203 307 2254 3,
326 2203 382 2243 14
415 2200 492 2256 (ad
524 2200 769 2244 meridiem
800 2201 888 2244 hoc
922 2204 991 2245 est
1025 2203 1085 2245 ad
1117 2203 1325 2246 medium
1359 2203 1468 2260 diei)
1482 2221 1497 2257 ,·
1529 2205 1648 2248 idem
1679 2205 1730 2247 in
1762 2204 1914 2249 somn.
1942 2205 2060 2260 Seip.
2083 2206 2146 2248 II
2165 2207 2207 2258 5,
2228 2208 2286 2248 19
2319 2205 2456 2261 (tam-

264 2273 406 2314 quam
437 2259 630 2314 quidam
661 2260 889 2305 medidies
921 2275 1014 2305 una
1046 2263 1229 2305 mutata
1260 2262 1420 2307 littera
1445 2264 1663 2308 meridies
1689 2266 1987 2320 nuncupatus
2014 2266 2127 2320 est);
2159 2265 2282 2308 Non.
2303 2268 2377 2318 60,
2397 2267 2456 2308 18

266 2319 532 2375 (manifeste
564 2319 745 2363 medius
780 2320 911 2375 dies).
944 2324 1047 2375 451,
1067 2326 1120 2376 5,·
1155 2322 1384 2366 Censorin.
1412 2323 1453 2366 d.
1482 2324 1524 2366 d.
1550 2338 1595 2367 n.
1622 2327 1696 2377 24,
1715 2327 1742 2366 3
1775 2323 2010 2379 (meridies
2044 2324 2168 2379 quod
2210 2326 2280 2367 est
2312 2323 2456 2367 medii

267 2378 362 2422 diei
400 2381 612 2433 nomen),·
650 2380 763 2424 Isid.
798 2381 892 2424 III
916 2384 990 2433 42,
1016 2383 1043 2423 3
1076 2382 1219 2437 (quod
1258 2381 1325 2424 ibi
1359 2382 1427 2425 sol
1467 2382 1581 2425 facit
1621 2383 1827 2427 medium
1860 2383 2014 2438 diem).
2058 2384 2192 2436 V30,
2213 2386 2282 2426 15.
2318 2383 2464 2427 XIII

266 2443 308 2492 1,
328 2443 368 2480 6.
404 2438 560 2483 XVII
586 2442 701 2493 7,2,·
737 2440 837 2484 G-L.
864 2441 929 2484 II
946 2443 1067 2494 35,2
1099 2441 1146 2496 (d
1179 2441 1349 2484 transit
1383 2477 1390 2484 .
1421 2476 1428 2484 .
1458 2477 1465 2484 .
1500 2442 1548 2485 in
1581 2457 1603 2484 r
1637 2477 1644 2485 .
1674 2478 1681 2486 .
1710 2477 1718 2485 .
1753 2442 2003 2498 meridies).
2037 2446 2141 2496 137,
2168 2446 2197 2486 8
2231 2444 2330 2498 (pro
2360 2457 2455 2486 me-

266 2497 416 2541 didies
450 2512 477 2541 a
517 2498 672 2542 medio
713 2498 803 2554 die)
816 2516 832 2553 ;
874 2500 976 2543 VII
1003 2503 1074 2554 71,
1098 2503 1159 2544 23
1201 2501 1461 2556 (meridiem
1499 2515 1582 2558 pro
1623 2501 1777 2544 medio
1818 2501 1938 2556 die);
1978 2504 2055 2546 Ps.
2082 2502 2331 2558 Anqnstin.
2370 2502 2454 2560 Qu.

262 2563 342 2601 vet.
369 2563 410 2600 et
439 2572 484 2600 n.
511 2563 602 2601 test.
631 2562 735 2612 108,
755 2562 782 2601 5
816 2561 915 2615 (pro
947 2559 1152 2603 medidie
1184 2560 1379 2604 meridie
1405 2560 1648 2617 dicimus);
1685 2561 1781 2605 ΤΘ.
1806 2575 1841 2606 s.
1859 2576 1897 2605 v.
1932 2563 1944 2618 Η
1980 2565 2033 2605 10
2060 2562 2235 2605 Eodem
2259 2567 2456 2617 spectare

262 2618 386 2661 Plin.
415 2617 518 2661 VII
540 2620 632 2661 215
672 2619 800 2674 (tunc
846 2618 1001 2674 Scipio
1038 2618 1211 2663 Nasica
1256 2620 1435 2677 collega
1480 2620 1676 2664 Laenati
1721 2620 1896 2677 primus
1942 2634 2065 2677 aqua
2110 2620 2270 2664 divisit
2318 2621 2456 2664 horas

264 2689 411 2732 aeque
452 2676 662 2720 noctium
698 2691 753 2721 ac
778 2678 960 2722 dierum
991 2678 1133 2734 idque
1156 2679 1459 2736 -horologium
1493 2680 1576 2723 sub
1609 2682 1734 2724 tecto
1768 2680 1942 2723 dicavit
1973 2694 2007 2724 e.
2027 2695 2064 2736 q.
2084 2682 2137 2735 s.)
2173 2680 2323 2724 Canal
2352 2693 2457 2725 con-

263 2736 377 2780 iecit.
431 2736 499 2790 Of.
521 2737 751 2781 Censorin.
780 2738 822 2781 d.
850 2738 891 2781 d.
917 2752 962 2780 n.
987 2741 1063 2792 23,
1082 2742 1110 2782 7
1134 2738 1322 2795 (deinde
1355 2739 1597 2795 aliquanto
1631 2742 1737 2796 post
1760 2739 1809 2783 P.
1830 2738 2069 2783 Cornelius
2095 2739 2270 2783 Nasica
2295 2752 2457 2782 censor

263 2808 319 2838 ex
350 2809 473 2850 aqua
515 2795 630 2840 fecit
671 2796 923 2853 horarium,
968 2797 1093 2853 quod
1125 2800 1173 2842 et
1210 2799 1365 2854 ipsum
1399 2812 1455 2841 ex
1487 2798 1822 2843 consuetudine
1862 2799 2086 2842 noscendi
2120 2812 2147 2841 a
2181 2798 2276 2842 sole
2318 2798 2456 2842 horas

263 2853 483 2897 solarium
508 2856 724 2911 coeptum
748 2856 921 2912 vocari)
955 2858 967 2913 ΙΙ
1003 2861 1055 2900 11
1073 2871 1134 2913 sq.
1164 2856 1233 2912 Of.
1260 2857 1380 2902 Fest.
1410 2858 1535 2912 146b,
1552 2861 1615 2901 20
1638 2858 1776 2914 (unde
1802 2858 2019 2902 discimus
2050 2871 2210 2901 manos
2238 2857 2457 2902 Stilonem

261 2913 407 2957 bonos
440 2915 801 2969 interpretatmn)
834 2921 874 2959 et
898 2919 1023 2970 158²,
1042 2919 1102 2960 30
1122 2930 1223 2960 eum
1240 2918 1392 2961 Paulo
1420 2920 1519 2971 159,
1538 2921 1565 2960 7
1597 2919 1803 2973 (manare
1837 2916 1983 2960 solem
2015 2916 2200 2973 antiqui
2234 2916 2456 2960 dicebant

263 2986 368 3015 cum
400 2971 511 3016 solis
545 2972 736 3018 orientis
767 2974 890 3017 radii
924 2974 1219 3030 splendorem
1250 2975 1403 3019 iacere
1437 2976 1713 3032 coepissent,
1746 2989 1773 3019 a
1806 2990 1896 3031 quo
1930 2977 1977 3020 et
2010 2976 2188 3020 dictum
2221 2975 2456 3032 putabant

261 3045 413 3075 mane.
462 3031 545 3075 alii
571 3032 750 3076 dictum
775 3047 909 3076 mane
942 3036 1113 3090 putant
1137 3034 1196 3078 ab
1223 3048 1275 3078 eo
1301 3035 1425 3090 quod
1450 3048 1641 3079 manum
1673 3035 1848 3080 bonum
1873 3035 2109 3092 dicebant)
2120 3053 2136 3089 ,·
2168 3036 2291 3080 Fest.
2312 3036 2459 3080 Pauli

262 3094 368 3146 122,
386 3095 426 3135 4.
468 3094 565 3145 125,
585 3096 653 3136 14.
689 3096 792 3146 147,
812 3096 895 3147 13,·
926 3093 1046 3138 Serv.
1081 3095 1132 3137 in
1165 3094 1279 3138 Aen.
1314 3096 1348 3138 I
1374 3098 1461 3139 139
1494 3098 1567 3151 (=
1593 3096 1705 3139 Isid.
1734 3095 1779 3138 V
1804 3098 1877 3147 30,
1902 3099 1971 3141 14.
2016 3095 2067 3138 Χ
2089 3098 2202 3149 14Ο,·
2244 3096 2300 3150 cf.
2328 3094 2464 3139 VIII

264 3155 334 3205 11,
360 3153 493 3207 100);
525 3150 644 3195 Serv.
672 3153 800 3196 Dan.
835 3153 887 3196 in
911 3153 1026 3197 Aen.
1052 3154 1217 3207 I110‚·
1250 3153 1369 3198 Serv.
1404 3155 1455 3197 in
1481 3155 1594 3199 Aen.
1629 3156 1694 3198 II
1708 3157 1818 3198 268.
1852 3155 1947 3198 III
1972 3158 2057 3209 63;
2091 3154 2241 3199 Meter.
2269 3155 2305 3199 I
2329 3158 2371 3208 3,
2396 3156 2456 3198 13

262 3212 412 3266 (mane
446 3212 604 3253 autem
637 3211 816 3255 dictum
848 3213 930 3256 aut
963 3212 1087 3268 quod
1121 3213 1178 3256 ab
1223 3212 1524 3258 inferioribus
1555 3213 1606 3257 id
1638 3215 1708 3258 est
1740 3228 1768 3258 a
1799 3214 2015 3258 manibus
2049 3213 2292 3258 exordium
2333 3212 2454 3257 lucis

263 3272 473 3327 emergat
505 3271 601 3325 aut,
634 3269 759 3326 quod
785 3271 936 3315 verius
967 3272 1084 3315 mihi
1108 3272 1306 3328 videtur,
1339 3274 1398 3317 ab
1424 3273 1576 3317 omine
1608 3273 1720 3317 boni
1751 3272 1966 3318 nominis.
2015 3288 2124 3317 nam
2149 3275 2197 3317 et
2222 3271 2455 3317 Lanuvini

261 3343 396 3372 mane
428 3343 512 3385 pro
545 3328 666 3373 bono
700 3330 907 3386 dicunt);
946 3332 1068 3376 Non.
1105 3335 1176 3386 66,
1202 3335 1259 3386 8,·
1295 3332 1395 3377 GL.
1423 3333 1468 3376 V
1490 3336 1596 3386 250,
1623 3337 1653 3376 8
1688 3333 1931 3390 (quoniam
1964 3332 2063 3377 dies
2102 3333 2216 3376 tunc
2246 3331 2453 3389 primum

260 3403 343 3444 per
366 3390 520 3432 totum
545 3388 709 3445 effluit,
735 3389 921 3445 quando
948 3391 1168 3446 nascitur,
1195 3392 1462 3448 appellatur
1486 3405 1636 3447 mane,
1661 3391 1796 3448 quasi
1822 3393 1948 3447 quod
1974 3394 2159 3436 emanet
2183 3393 2231 3436 et
2255 3390 2453 3448 effluat).

267 3447 335 3502 Cf.
370 3448 741 3506 Krieyshammer
773 3452 862 3494 102

413 3631 435 3669 1
470 3627 600 3683 prius
633 3628 690 3672 de
714 3628 792 3684 Sp.
826 3630 838 3684 ΙΙ
872 3633 896 3672 3
931 3629 1026 3673 add
1049 3629 1166 3673 Laet
1201 3630 1207 3684 Ι
1236 3630 1305 3674 del
1335 3631 1462 3675 Turn
1494 3631 1506 3687 Η
1539 3634 1564 3674 5
1599 3631 1728 3674 motu
1758 3630 1826 3674 vel
1857 3631 2007 3673 motor
2038 3629 2120 3685 (sie
2142 3628 2234 3683 ΡΨ)
2267 3629 2280 3684 ΙΙ
2314 3631 2339 3671 6
2373 3628 2456 3673 lac

258 3686 564 3789 {iqncggpma
594 3693 636 3732 et
659 3687 808 3743 Seiop,
839 3701 925 3744 quo
958 3688 1069 3732 duee
1101 3687 1197 3747 <ab
1223 3691 1327 3733 ortu
1353 3690 1413 3733 ad
1438 3687 1764 3749 oc>casu<m>
1789 3688 1917 3733 venit
1940 3689 2076 3745 suppl
2101 3687 2407 3733 Reitzenstein
2439 3688 2454 3744 ΙΙ

2482 1087 2524 1120 10

2592 3606 2600 3622 d

2563 3772 2567 3778 ⁴
2583 3692 2600 3759 1
