2600 4198
1035 168 1492 214 PROLEGOMENA
2250 174 2354 217 XIII

171 327 241 361 ex
273 309 388 360 solo
421 306 742 375 Hieronymi
773 306 945 359 indice
976 308 1159 358 notam
1191 305 1376 358 referri
1407 308 1650 374 possunt,
1684 304 1847 359 Goetz
1880 307 2106 360 coniecit
2137 308 2352 361 Petrum

174 415 269 450 sex
300 395 452 449 libris
486 395 713 448 servatis·
739 393 1113 447 adnumerasse
1145 397 1254 447 tres
1286 394 1353 446 ad
1386 393 1721 463 Septumium
1754 395 1944 447 missos
1976 396 2033 449 in
2064 397 2180 464 ipso
2213 398 2353 465 prin-

172 484 318 555 cipio
357 484 390 536 1.
415 483 467 536 V
507 486 973 535 commemoratos:
1025 500 1191 551 eaque
1232 483 1539 535 coniectura
1590 484 1936 536 confirmatur
1976 502 2039 536 ex
2090 485 2352 538 similibus

174 573 405 627 aliorum
457 572 747 641 erroribUS,
799 572 863 623 de
914 572 1109 640 quibus
1163 570 1396 641 Spengel
1447 570 1636 640 praef.2
1682 591 1732 641 p.
1780 571 1857 623 IX
1908 574 2164 640 quaedam
2216 592 2349 626 com-

172 662 371 731 posuit.
449 661 693 730 Denique
743 679 852 713 non
903 660 1268 731 neglegendus
1310 663 1389 712 est
1439 661 1640 713 formae
1686 679 1975 713 consensus
2026 662 2164 713 inter
2203 663 2354 714 illum

172 752 425 819 codicem,
465 751 558 819 qui
595 751 957 820 fragmentum
998 748 1394 802 Varronianum
1434 768 1554 803 011111
1595 749 1855 802 Frontino
1897 749 2231 819 Vegetioque
2272 769 2354 803 ex-

172 840 324 893 hibet
355 842 408 893 et
446 841 624 908 ipsum
655 839 727 891 F:
767 841 990 907 uterque
1024 839 1182 908 enim,
1220 840 1280 889 ut
1320 838 1427 889 iam
1460 838 1582 889 Keil
1615 839 1807 890 extulit
1838 839 1979 907 apud
2013 837 2353 909 Spengelium

173 931 457 981 comment.
490 947 540 997 p.
573 927 697 997 434,
737 928 1002 998 oblongus
1043 930 1124 980 est
1162 928 1219 979 in
1259 930 1467 995 quarto,
1507 945 1627 980 cum
1669 929 1978 996 ceteroquin
2016 929 2071 980 in
2113 928 2357 980 coenobii

172 1018 376 1071 montis
417 1016 597 1070 Casini
649 1017 921 1071 codicibus
975 1017 1254 1069 sollemnia
1304 1017 1410 1068 sint
1460 1016 1591 1068 folia
1642 1017 1937 1084 imperialia
1989 1035 2108 1068 cum
2156 1017 2357 1069 duabus

175 1107 451 1159 columnis.
530 1106 677 1159 Haec
731 1106 911 1158 omnia
962 1124 1083 1158 cum
1134 1109 1243 1157 tam
1295 1105 1508 1175 egregie
1560 1106 1699 1158 inter
1746 1124 1800 1157 se
1849 1106 2186 1174 conveniant,
2239 1124 2357 1158 con-

173 1195 431 1248 fidentius
483 1196 645 1247 etiam
686 1213 847 1263 quam
888 1194 1012 1246 Keil
1063 1195 1329 1247 affirmare
1380 1213 1666 1263 possumus
1708 1212 1773 1246 ex
1824 1196 1942 1263 ipso
1985 1195 2164 1248 codice
2202 1195 2260 1247 F
2303 1196 2359 1247 in

174 1287 357 1336 monte
384 1283 563 1337 Casini
595 1284 921 1353 excerpsisse
954 1302 1050 1336 sua
1073 1283 1291 1336 Petrum
1318 1283 1616 1335 Diaconum
1649 1286 1701 1335 et
1735 1284 1884 1337 illinc
1915 1287 2102 1352 postea
2134 1284 2357 1336 eundem

173 1373 372 1425 librum
389 1374 608 1426 unicum
633 1376 1056 1442 transportatum
1077 1391 1188 1425 esse
1206 1371 1597 1442 Florentiam.1)
1638 1371 1828 1441 Neque
1852 1373 1908 1424 in
1932 1373 2032 1424 hac
2049 1373 2357 1441 quaestione

176 1461 330 1514 nobis
363 1463 678 1530 scrupulum
711 1462 877 1530 inicit,
911 1462 1055 1530 quod
1088 1462 1228 1514 idem
1263 1461 1510 1531 Spengel,
1552 1461 1643 1529 qui
1684 1461 1739 1513 in
1771 1461 1908 1514 hanc
1940 1479 2051 1513 rem
2084 1480 2358 1530 argumen—

173 1554 289 1602 tum
332 1552 513 1603 attulit
550 1550 1051 1616 luculentissimum,
1091 1551 1262 1603 nihilo
1305 1551 1482 1602 minus
1521 1551 1553 1602 l.
1589 1568 1625 1601 s,
1662 1569 1700 1602 s.
1740 1569 1788 1617 p.
1822 1551 1927 1601 481
1951 1568 2025 1618 sq.
2068 1551 2255 1601 statuit
2286 1581 2358 1586 —-

174 1640 495 1692 assentiente
530 1638 698 1692 Groth
738 1641 795 1692 in
828 1639 950 1692 (1188.
983 1639 1203 1710 Argent.
1246 1660 1294 1708 p.
1330 1639 1449 1708 [81]
1478 1640 1510 1691 3
1544 1670 1616 1675 —
1648 1658 1751 1690 non
1790 1657 1852 1689 ex
1894 1639 2010 1706 ipso
2043 1639 2107 1706 F,
2141 1639 2230 1690 sed
2268 1658 2359 1706 po—

175 1728 284 1779 tius
333 1747 396 1779 ex
445 1728 559 1779 eius
610 1729 760 1780 fonte
810 1728 1063 1781 haustum
1112 1747 1225 1780 esse
1276 1729 1655 1799 fragmentum.
1736 1726 1890 1788 Quod
1938 1728 2111 1780 effecit
2152 1746 2215 1778 ex
2255 1746 2359 1778 una

174 1817 404 1868 maxime
446 1817 816 1870 emendatione
857 1836 1017 1885 quam
1057 1817 1395 1869 coniecturae
1438 1816 1618 1868 deberi
1665 1835 1775 1868 non
1823 1817 2058 1881 admisit,
2100 1817 2198 1867 etsi
2247 1817 2360 1883 ipse

174 1903 437 1958 concessit
479 1905 610 1957 satis
651 1905 866 1957 doctum
907 1905 1203 1959 necessario
1252 1906 1417 1957 fuisse
1459 1906 1889 1974 epitomatorem,
1939 1906 2028 1974 qui
2071 1924 2134 1956 ex
2186 1904 2359 1973 operis

175 1994 415 2047 exilitate
448 1994 821 2063 gravissimum
853 1995 1217 2065 fragmentum
1252 1996 1544 2063 prudenter
1578 1995 1797 2064 elegerit
1831 1993 1998 2065 (quod
2032 1997 2359 2062 quantopere

176 2084 458 2136 conveniat
504 2083 562 2135 in
608 2082 753 2137 Petri
802 2084 1029 2136 Diaconi
1077 2084 1255 2136 studia
1303 2085 1461 2137 modo
1511 2082 1894 2154 exposuimus).
1973 2082 2151 2151 Atque
2200 2099 2361 2135 conse-

175 2172 433 2240 <de>runt
468 2190 568 2241 pro
601 2178 869 2226 conserunt
902 2174 1111 2242 aliaque
1144 2173 1417 2226 hominem
1451 2174 1666 2225 doctum
1700 2176 1851 2224 acute
1885 2173 2174 2225 correxisse
2206 2172 2360 2224 facile

175 2261 425 2331 largitur:
466 2262 625 2330 idque
666 2261 822 2331 plane
865 2265 1086 2331 apparet
1126 2282 1175 2331 p.
1214 2262 1296 2331 14,
1335 2261 1418 2331 15,
1458 2263 1551 2314 ubi
1590 2263 1781 2314 ibidem
1824 2262 2108 2330 supplevit,
2150 2261 2249 2313 etsi
2289 2261 2362 2313 ibi

175 2352 388 2401 tantum
430 2351 666 2420 quadret,
707 2354 760 2403 et
799 2354 956 2402 antea
995 2351 1396 2421 Albano<rum>
1436 2383 1503 2388 —
1545 2355 1607 2403 ut
1647 2351 1776 2402 olim
1817 2351 1977 2402 etiam
2020 2349 2252 2419 Spengel
2290 2381 2361 2387 ———

176 2442 387 2508 praeter
418 2457 544 2491 rem.
601 2439 756 2501 Quod
780 2458 905 2492 vero
944 2439 1025 2509 15,
1047 2441 1110 2492 11
1147 2441 1526 2494 aceleuibenna
1558 2440 1804 2491 exhibuit
1835 2458 1932 2507 pro
1967 2439 2360 2506 acelemssbennO,

178 2527 319 2578 credi
358 2528 450 2579 vix
495 2546 651 2595 posse
698 2529 1029 2581 rarissimum
1080 2548 1274 2582 nomen
1315 2530 1602 2582 Etruscum
1652 2547 1749 2580 8110
1790 2528 1961 2580 Marte
2011 2529 2163 2579 illum
2213 2527 2362 2578 resti-

176 2615 359 2684 tuisse,
400 2616 491 2668 sed
530 2635 595 2668 ex
636 2617 927 2686 exemplari
972 2617 1078 2670 hoc
1118 2618 1494 2687 depromptum
1544 2636 1671 2670 esse.
1751 2617 1953 2670 Verum
1995 2616 2202 2667 etiamsi
2243 2632 2362 2667 con-

178 2704 411 2756 cedimus
438 2705 615 2774 ipsum
644 2704 851 2757 Caelem
877 2706 1181 2759 Vibennam
1206 2706 1294 2758 vix
1321 2724 1381 2758 ac
1405 2724 1470 2758 ne
1495 2706 1585 2758 vix
1612 2706 1827 2774 quidem
1853 2709 2040 2758 notum
2066 2705 2230 2756 fuisse
2257 2705 2361 2772 epi-

178 2794 433 2845 tomatori
457 2825 529 2830 —
555 2812 714 2862 quem
746 2794 963 2847 Petrum
999 2795 1300 2848 Diaconum
1338 2797 1615 2847 nominare
1648 2812 1934 2864 possumus
1967 2825 2053 2862 —,
2086 2797 2266 2844 tamen
2299 2811 2363 2844 ex

177 2883 427 2952 analogia
450 2883 731 2936 nominum
756 2885 1161 2937 notissimorum
1188 2886 1334 2936 velut
1362 2884 1640 2950 Perpenna
1667 2883 1940 2951 Spurinna
1966 2914 2038 2920 —
2070 2882 2133 2934 (10
2167 2883 2361 2950 quibus

178 2971 235 3031 111
287 2970 373 3023 1118
429 2972 559 3041 ipsis
614 2973 767 3025 libris
810 2973 981 3025 Varro
1037 2973 1280 3043 loquitur
1318 3005 1391 3010 -—-
1431 2973 1704 3026 Porsenna
1752 2972 1871 3024 aliis
1920 2975 2109 3039 sponte
2164 2971 2360 3022 inferre

328 3120 370 3174 1)
402 3117 456 3161 In
498 3119 699 3162 transitu
739 3120 976 3176 tangimus
1020 3119 1069 3162 in
1113 3119 1486 3176 orthographicis
1528 3118 1667 3162 rebus
1710 3133 1804 3162 non
1843 3118 2001 3162 deesse
2043 3132 2162 3172 quae
2192 3116 2363 3160 Italum

177 3190 419 3234 librarium
452 3193 649 3248 prodere
679 3193 939 3237 videantur.
991 3193 1131 3237 Velut
1163 3193 1288 3249 quod
1321 3207 1463 3237 oscur.
1499 3194 1653 3237 exstat
1684 3198 1725 3247 4,
1746 3197 1799 3236 15
1833 3193 1942 3234 ante
1976 3205 2088 3235 corr.
2116 3193 2162 3234 et
2190 3195 2287 3243 106,
2308 3195 2359 3233 11

177 3264 277 3308 sine
309 3279 422 3309 corr.
457 3265 532 3322 (cf.
567 3266 708 3310 etiam
741 3267 947 3312 istitutus
977 3267 1247 3311 incohatum
1280 3272 1350 3320 85,
1380 3268 1464 3323 11).
1528 3267 1628 3310 Iam
1661 3271 1730 3319 62,
1757 3270 1783 3309 8
1817 3279 1919 3308 011111
1954 3264 2153 3321 Spengel
2192 3262 2363 3320 praef.²

176 3353 222 3395 p.
239 3337 347 3382 VIII
363 3353 429 3395 sq.
463 3353 556 3382 non
586 3340 759 3383 iniuria
777 3342 827 3385 F
846 3342 934 3385 dita·
965 3341 1122 3398 potius
1148 3356 1287 3396 quam
1313 3341 1427 3385 dicti
1455 3340 1728 3397 praebuisse
1754 3340 1982 3395 opinetur,
2015 3339 2205 3381 minime
2238 3338 2360 3380 recte

179 3413 240 3457 ad
271 3414 381 3458 Diti
408 3416 607 3469 revocat,
640 3415 765 3470 quod
797 3415 927 3458 nullo
959 3416 1096 3458 modo
1140 3415 1252 3458 ferri
1282 3415 1451 3471 possit:
1492 3430 1601 3458 nam
1632 3413 1924 3458 reserendum
1959 3414 2028 3456 est
2060 3411 2120 3454 ad
2159 3425 2360 3467 pronun-

176 3487 423 3531 tiationem
453 3502 547 3544 qua
576 3490 855 3545 posteriores
893 3490 1096 3534 Otobrem
1128 3490 1227 3533 sim.
1262 3489 1493 3533 dicebant.
1559 3488 1657 3541 Quo
1691 3486 1906 3531 addimus
1938 3485 2053 3529 vitia
2086 3485 2145 3527 ad
2179 3484 2359 3527 littera-

177 3575 280 3606 rum
309 3577 338 3620 9
369 3565 418 3607 et
437 3562 466 3618 j
499 3576 663 3607 sonum
692 3564 964 3621 revocanda,
997 3563 1124 3607 velut
1155 3565 1328 3607 ierusia
1366 3577 1450 3619 pro
1481 3577 1571 3620 yer.
1598 3566 1669 3615 47,
1691 3565 1743 3604 18
1786 3560 1859 3616 (cf.
1893 3559 2116 3612 ierofante
2150 3560 2197 3601 et
2238 3571 2361 3615 yero-

176 3637 305 3690 fa‘nte
336 3635 456 3694 sim.)
489 3638 536 3680 et
568 3642 638 3692 69,
658 3642 712 3681 10
737 3639 946 3696 abiqebat
974 3651 1059 3694 pro
1091 3638 1243 3682 aiebat
1273 3639 1347 3694 (ex
1371 3638 1580 3694 ayiebat),
1615 3635 1713 3679 sim.
1761 3634 1879 3677 Item
1912 3632 2192 3689 epitomator
2218 3636 2286 3685 17,
2307 3635 2360 3673 14

175 3721 207 3767 9
246 3723 332 3766 pro
365 3710 394 3766 j
435 3710 593 3767 posuit
629 3713 755 3756 recte
788 3711 1024 3768 accipiens
1058 3713 1073 3756 l
1103 3725 1187 3767 pro
1219 3713 1239 3755 i
1279 3711 1329 3755 in
1360 3711 1411 3755 F
1445 3710 1585 3768 (unde
1625 3723 1738 3752 corr.
1772 3707 1911 3763 adn).
1973 3705 2040 3749 De
2082 3704 2185 3748 aliis
2224 3703 2359 3747 rebus

148 3828 156 3835 ,
179 3783 554 3841 orthographicis
585 3787 751 3842 postea
783 3785 1005 3830 dicemus.
