2600 4198
1017 150 1491 196 ADNOTATIONES
2231 155 2339 208 269

155 292 429 341 recensione
462 306 515 352 p.
547 293 655 340 261
699 292 828 339 lzwnc
869 292 1025 339 locwm
1067 293 1228 340 omisit
1261 288 1334 340 ‘ut
1363 307 1394 340 a
1427 294 1675 353 traqoedia
1719 290 1967 342 alienum'.
2022 295 2121 343 Pro
2153 295 2338 344 oblivio

158 373 297 423 lavet
327 373 454 434 quod
481 371 532 421 Ο.
550 372 764 421 Mueller
784 375 1045 433 proposuit
1074 373 1230 422 oculis
1263 373 1496 429 violavit,
1529 377 1650 423 certe
1681 375 1894 423 violavit
1925 377 2189 424 admodum
2219 391 2340 424 com-

154 455 413 503 mendatur
444 468 500 502 em
531 468 582 501 eo
613 455 740 514 quod
770 455 986 513 sequitur
996 472 1013 513 ,·
1043 470 1136 503 an:
1166 470 1278 503 cum
1307 450 1427 503 illuc
1461 454 1645 503 oblivio
1676 452 1972 520 <vio>lavit,
2006 457 2095 519 qui
2125 457 2302 506 incidit
2334 455 2336 479 ²

154 535 209 583 in
239 535 601 584 invidendum?
641 537 820 583 scilicet
848 550 902 583 re
931 551 1048 584 vera
1078 537 1343 585 invidenda
1375 536 1603 585 oblivioni
1635 539 1743 598 quis
1774 539 1961 587 tradet?
2011 540 2202 598 qualem
2233 554 2338 587 sen-

155 617 354 666 tentiam
384 617 556 677 quidni
586 630 695 664 cum
724 617 778 664 F
804 618 1078 665 tribuamus
1107 616 1290 665 Accio?

307 705 392 766 85,
419 707 502 753 21.
541 705 656 753 Non
688 709 808 754 recte
838 707 940 754 coll.
977 707 1055 753 VI
1074 709 1122 753 7.
1159 706 1269 754 VII
1291 709 1364 754 72
1394 708 1452 754 de
1477 706 1674 756 Cassius
1698 723 1794 767 pro
1830 708 2011 758 Canius
2046 712 2343 770 coyitaveris,

157 788 243 835 etsi
268 788 384 835 hacc
408 788 581 847 optime
604 788 662 835 de
685 788 918 836 Lucretia
944 787 1042 836 dici
1056 791 1286 847 poterant
1309 788 1391 848 (cf.
1414 787 1509 837 C'ic.
1530 789 1586 836 de
1602 804 1670 836 or.
1689 790 1761 836 II
1778 791 1901 838 280.
1927 793 2003 850 off.
2023 792 2127 838 III
2141 793 2223 848 58,
2241 793 2341 852 al).

309 869 394 928 85,
422 870 489 916 23
507 883 576 929 sq.
622 868 695 928 (If.
721 870 843 917 Mue
867 869 935 917 ad
957 870 1087 917 Fest.
1102 884 1156 929 p.
1187 869 1269 925 53,
1295 871 1332 917 2
1355 868 1422 929 (et
1448 869 1503 929 8)
1531 874 1574 917 et
1599 871 1798 927 XLIV,
1830 859 1915 919 ubi
1944 874 2062 920 duce
2086 875 2343 922 Krahnero

156 951 329 998 conicit
371 950 485 998 hinc
529 952 688 998 crines
733 951 905 1012 capilli
949 951 1198 1013 descripti,
1244 951 1376 1013 quod
1421 946 1582 1016 [finis]
1622 953 1821 1001 videtur
1861 946 1915 1019 (i.
1950 969 1985 1001 e.
2019 950 2343 1021 conspicitur)

157 1031 419 1079 discrimen
431 1049 449 1088 ,·
480 1033 539 1091 cf.
573 1034 740 1080 testim.

307 1120 390 1181 86,
421 1122 466 1168 2.
507 1123 696 1169 cernito
727 1124 850 1169 recte
881 1122 1187 1170 desiderabat
1212 1122 1468 1171 Turnebus
1500 1122 1583 1184 (cf.
1610 1123 1801 1184 testim.)
1812 1142 1827 1171 .·
1859 1125 1943 1172 sed
1972 1140 2124 1186 neque
2146 1128 2345 1187 suflicit,

156 1201 286 1263 quod
315 1202 397 1250 ille
418 1207 534 1263 post
561 1204 860 1251 testamento
894 1204 1152 1263 supplevit,
1183 1219 1334 1265 neque
1356 1205 1750 1264 probabilitatem
1780 1207 1941 1263 habet,
1973 1209 2100 1267 quod
2130 1223 2225 1268 pro
2259 1211 2344 1270 qui

153 1283 206 1330 id
229 1285 547 1332 substituebat
567 1286 845 1333 Mommsen
869 1285 1004 1345 apud
1021 1286 1299 1334 Brunsium
1323 1286 1395 1333 II
1403 1302 1456 1346 p.
1481 1287 1512 1334 5
1518 1288 1577 1345 9,·
1601 1288 1826 1335 videntur
1840 1290 1995 1348 plura
2020 1291 2129 1337 ante
2150 1291 2343 1337 cernito

143 1368 259 1424 post
286 1367 585 1415 testamento
617 1367 916 1415 intercidisse
949 1368 1008 1415 de
1039 1370 1278 1416 testatoris
1308 1369 1551 1417 voluntate
1580 1370 1671 1417 leae
1701 1384 1811 1418 voce
1841 1371 1998 1429 finita,
2031 1372 2129 1419 nisi
2152 1367 2343 1435 <cerni-

154 1442 340 1509 to>que
375 1447 501 1495 illud
534 1442 651 1515 (qui
681 1449 734 1495 id
759 1472 813 1485 =
841 1465 885 1510 q3
905 1447 1067 1512 illud)
1102 1451 1300 1498 scribas,

303 1537 388 1597 86,
418 1538 501 1586 16.
546 1537 619 1599 Of.
652 1538 767 1586 Birt
801 1540 828 1586 l.
862 1554 899 1585 3.
931 1553 970 1586 3.
993 1554 1047 1599 p.
1085 1541 1204 1587 130.
1242 1541 1361 1587 142.

302 1620 388 1679 87,
416 1620 461 1667 6.
503 1618 588 1667 Ad
619 1619 846 1668 obsculta
878 1621 938 1679 cf.
976 1621 1169 1669 Traube
1203 1617 1492 1681 ‘Textgyesclt
1527 1623 1571 1669 d.
1608 1622 1724 1682 Rey.
1758 1623 1802 1669 d.
1836 1619 2040 1670 Bened.²
2076 1624 2144 1682 (a.
2176 1624 2342 1683 1898)

144 1714 199 1760 p.
236 1701 354 1747 606.
393 1701 512 1748 695.

302 1782 386 1842 87,
416 1784 460 1829 7.
508 1785 578 1831 sic
611 1783 723 1831 alia.
773 1799 855 1831 ore
888 1783 977 1831 edo
1012 1786 1091 1832 etc.
1124 1784 1288 1832 Reiter
1302 1801 1354 1845 p.
1383 1787 1487 1832 116
1499 1799 1567 1846 sq.
1602 1779 1708 1852 (ore
1742 1786 1830 1834 edo
1863 1788 2090 1835 iunxerat
2114 1788 2236 1835 Illuc
2267 1788 2345 1835 dc-

150 1863 255 1911 letis
280 1863 348 1911 sic
373 1858 458 1930 ab)
471 1881 489 1922 ,·
519 1867 578 1925 cf.
603 1864 686 1925 Sp.
711 1867 874 1925 praef.
900 1882 953 1926 p.
983 1866 1124 1913 XLI
1141 1867 1254 1913 adn.
1295 1867 1393 1913 Hic
1424 1882 1521 1927 qua
1551 1869 1740 1916 ratione
1770 1864 1836 1931 <a
1868 1864 2107 1930 naribus>
2131 1870 2197 1916 ad
2228 1869 2343 1916 odo-

150 1946 252 1992 rari
285 1948 363 1993 etc.
397 1947 706 2005 suppleverat
737 1949 779 1994 et
810 1946 870 1994 ab
905 1962 987 1995 ore
1020 1947 1086 1995 ad
1117 1948 1207 1996 edo
1242 1952 1320 1996 etc.
1356 1952 1585 2005 traoeerat,
1617 1950 1822 2009 neclexit
1854 1949 1915 1996 ab
1950 1950 2152 1998 auribus
2185 1955 2343 1998 antea.

150 2027 262 2074 item
294 2042 324 2074 a
354 2042 506 2074 manu
535 2042 646 2076 mox
670 2029 738 2086 (et
760 2028 822 2076 ab
849 2044 930 2076 ore
955 2026 990 2090 ἕ
1016 2031 1050 2076 7
1055 2029 1109 2089 6)
1135 2030 1253 2077 addi
1284 2031 1441 2077 verbis
1467 2031 1698 2079 derivatis
1722 2033 1783 2079 ab
1814 2032 1890 2078 his
1921 2034 2213 2087 nominibus,
2246 2047 2342 2080 non

151 2109 340 2155 tantum
371 2110 730 2158 cohaerentibus
761 2125 870 2158 cum
900 2125 1071 2158 sensus
1102 2113 1303 2160 notione.
1358 2112 1472 2159 Non
1498 2114 1673 2161 rectius
1698 2129 1779 2162 ore
1805 2113 2051 2173 adiunyas
2077 2117 2346 2174 proximis:

147 2204 298 2250 neque
329 2192 455 2238 enim
480 2191 620 2240 aliter
642 2193 684 2239 li.
711 2193 741 2239 l.
767 2191 828 2239 ab
856 2208 938 2241 ore
972 2193 1190 2241 adhiberi
1213 2196 1375 2253 potuit
1405 2209 1555 2254 quam
1589 2194 1649 2243 ab
1684 2195 1907 2252 auribus,
1942 2211 1971 2242 a
2004 2211 2181 2243 manu:
2209 2198 2343 2270 unde

148 2271 380 2320 lacunam
409 2274 682 2321 statuimus.

300 2361 386 2421 87,
416 2363 483 2410 10
500 2376 566 2422 sq.
615 2363 676 2410 ab
710 2363 882 2411 eadem
913 2364 1085 2427 lingua
1116 2365 1217 2412 scil.
1243 2368 1298 2411 ut
1326 2381 1373 2415 v.
1398 2367 1514 2424 8sq.
1549 2365 1655 2421 edo,
1689 2367 1886 2430 gustat:
1916 2369 2045 2415 unde
2088 2368 2347 2415 concidunt

148 2457 274 2502 quae
303 2445 604 2492 coniecerunt
632 2444 774 2505 Sciop
806 2449 850 2493 et
878 2445 962 2505 Sp.

300 2526 367 2573 87
373 2562 384 2586 ,
406 2528 487 2573 12.
535 2541 767 2589 graecum
798 2528 1064 2589 antiquum
1097 2524 1325 2592 <ποτήρ>
1354 2526 1481 2584 Scal,
1515 2528 1582 2576 ad
1612 2527 1762 2594 πότορ
1793 2532 1940 2590 refert
1968 2531 2098 2578 Ellis
2122 2546 2173 2590 p.
2206 2530 2343 2588 354,-

149 2608 209 2667 cf.
244 2607 311 2654 ad
344 2607 391 2655 V
409 2607 495 2655 25.

301 2689 385 2750 87,
415 2690 497 2737 15.
541 2689 615 2751 Of.
648 2690 707 2738 de
735 2691 918 2739 lacuna
940 2694 1055 2751 post
1084 2689 1199 2751 Auy
1232 2694 1274 2739 et
1304 2692 1427 2739 Mue
1456 2691 1537 2752 Sp.
1561 2694 1725 2753 praef.
1762 2693 1907 2740 XLI.

300 2771 385 2830 87,
415 2771 479 2818 16
499 2785 568 2832 sq.
612 2771 684 2832 Cf.
719 2773 883 2832 Beryk
918 2771 1004 2832 Op.
1037 2773 1145 2832 Ιχ).
1179 2774 1303 2820 238.

301 2852 386 2914 88,
414 2855 459 2900 1.
502 2853 768 2914 quiritibus
784 2857 900 2913 post
920 2854 1236 2902 Brissonium
1252 2854 1666 2916 Niebuliriumque
1683 2857 1958 2905 Mommsen
1977 2853 2223 2905 ‘Staatsr.'
2243 2858 2345 2904 III

154 2926 210 2981 1⁸
230 2949 283 2993 p.
321 2936 353 2981 6
384 2934 497 2982 adn.

301 3022 386 3084 88,
413 3024 458 3071 3.
498 3023 577 3073 Ne
605 3020 869 3089 (equites)
899 3021 1260 3090 pedites<que>
1289 3026 1610 3090 magistratos
1643 3041 1752 3075 cum
1793 3029 1971 3076 Ursino
2004 3030 2243 3088 corrigias,
2277 3032 2338 3089 cf.
2396 3014 2398 3016 .

150 3103 415 3152 Buecheler
448 3102 661 3154 ‘Umbr.'
687 3122 740 3166 p.
776 3109 846 3155 90
879 3110 922 3155 et
950 3108 1226 3155 Mommsen
1260 3104 1503 3156 ‘Staatsr.’
1537 3110 1609 3156 II
1638 3102 1694 3156 13
1715 3125 1769 3169 p.
1803 3111 1909 3157 361
1945 3110 2058 3158 adn.

298 3186 412 3234 ibid.
481 3202 651 3236 omnes
695 3188 901 3249 quirites
940 3188 1131 3250 pedites
1171 3191 1413 3251 armatos,
1454 3190 1779 3252 privatosque
1821 3194 2071 3239 curatores
2116 3193 2339 3239 omnium

150 3266 372 3314 tribuum
402 3267 669 3316 Buecheler
700 3273 744 3317 et
772 3270 1048 3318 Mommsen
1080 3271 1109 3318 l.
1142 3285 1179 3318 3.
1212 3286 1273 3327 3.,
1304 3274 1426 3320 recte
1455 3275 1512 3320 ut
1540 3273 1636 3320 vid.

305 3356 393 3417 88,
416 3358 464 3403 4.
509 3357 584 3417 Of.
612 3358 808 3406 Gronov
844 3357 1035 3407 Observ.
1067 3359 1156 3407 IV
1184 3361 1233 3407 3.

302 3438 387 3499 88,
407 3439 436 3486 6
450 3453 549 3500 sqq.
581 3436 828 3504 vocat<o>
845 3454 1058 3501 quaeque
1079 3443 1308 3489 secuntur
1322 3443 1544 3490 similiter
1558 3443 1734 3491 Bruns
1756 3457 1865 3491 cwm
1882 3444 2183 3492 Mommseno
2201 3445 2232 3492 l.
2246 3460 2283 3493 s.
2297 3459 2337 3493 3.

153 3521 198 3566 et
218 3511 281 3566 1³
301 3533 355 3579 p.
376 3522 447 3568 40
464 3521 579 3569 adn.
595 3536 649 3581 p.
670 3522 742 3570 42
757 3521 872 3570 adn.
897 3537 950 3582 p.
977 3523 1099 3572 350.
1124 3523 1197 3570 II
1225 3515 1280 3571 1³
1301 3538 1355 3583 p.
1374 3525 1447 3571 77
1471 3524 1585 3572 adn.
1607 3539 1661 3584 p.
1681 3526 1788 3572 360
1808 3525 1946 3574 adn..·
1977 3528 2029 3573 at
2059 3528 2338 3589 unguentor

150 3614 299 3660 quam
318 3603 385 3650 ad
401 3603 447 3650 h.
467 3617 511 3650 v.
529 3604 1004 3652 commemoravimus
1031 3598 1324 3664 scripturam
1347 3603 1880 3666 (Brutis-Mommsen),
1902 3606 2085 3667 falsam
2100 3610 2338 3667 putamus

150 3707 195 3713 —
205 3696 357 3742 neque
374 3684 501 3732 enim
515 3684 672 3732 ullusm
687 3685 939 3745 vestiqiwm
956 3688 1110 3734 exstat
1124 3686 1256 3734 verbi
1271 3700 1466 3748 ungueo
1483 3703 1552 3734 —.·
1563 3688 1847 3750 unguontor
1854 3688 2024 3735 saltem
2037 3688 2201 3736 debuit
2213 3702 2312 3736 esse
2323 3705 2340 3746 ,-

151 3765 240 3812 etsi
253 3765 423 3824 potius
436 3767 638 3826 propter
653 3767 943 3829 unguentur
957 3766 1173 3827 reliquae
1197 3780 1381 3827 quoque
1403 3767 1590 3827 formae
1612 3768 1866 3817 indicativi
1889 3769 2159 3818 servandae
2186 3773 2338 3818 erunt.
