2600 4198
323 832 370 891 4,
397 833 443 879 3.
484 832 561 879 De
594 833 667 878 est
699 831 896 878 delendo
928 845 989 877 ne
1021 832 1191 891 coyites
1222 845 1330 878 cum
1360 830 1442 890 Sp.
1476 824 1551 896 (in
1585 831 1762 892 quibus
1796 835 1870 879 est
1895 854 1949 868 =
1977 831 2154 893 quibus
2185 825 2356 897 inest).

321 914 369 972 4,
397 913 441 960 5.
496 911 567 972 Cf.
599 912 783 960 Vahlen
827 911 999 972 Opusc.
1039 926 1110 960 ac.
1142 912 1182 959 Ι
1208 914 1318 960 392
1351 905 1437 978 (ad
1479 915 1530 960 te
1562 915 1797 972 respicere
1840 913 1954 960 libri
1995 914 2357 973 inscriptionem

169 1008 381 1050 monens,
411 995 523 1042 item
550 994 630 1042 VI
658 996 728 1041 97
730 1031 740 1041 .
776 994 887 1041 VII
917 995 1023 1040 109
1039 987 1130 1060 sq.)
1143 1010 1161 1051 ,·
1190 1009 1276 1042 nec
1300 997 1460 1041 tamen
1482 994 1826 1054 neqleyendum
1845 996 2188 1055 yrammaticos
2212 997 2355 1042 etiam

160 1075 356 1135 priores
387 1075 536 1123 libros
570 1071 656 1123 ‘ad
690 1071 984 1123 Ciceronem'
1020 1076 1254 1123 excitare:
1285 1078 1344 1135 cf.
1376 1076 1652 1135 fraqmenta
1684 1077 1811 1123 tertii
1843 1076 1958 1123 libri
1989 1077 2037 1123 2.
2067 1077 2113 1123 3.
2144 1077 2189 1122 4.

322 1158 368 1217 4,
397 1159 443 1204 6.
484 1157 746 1204 Lacunam
777 1171 837 1204 ne
870 1158 1060 1217 eoepleas
1092 1172 1201 1204 cum
1223 1156 1387 1217 A.Sp.
1422 1150 1799 1223 (consuetudine
1831 1153 2004 1222 <apud
2034 1158 2275 1219 populum
2306 1160 2357 1205 et

174 1253 231 1285 ea
263 1254 389 1300 quae
421 1232 781 1301 inveniuntur>
814 1238 946 1300 apud
988 1232 1186 1305 poetas)
1230 1253 1346 1286 neve
1389 1253 1496 1287 cum
1529 1240 1784 1300 Madviyio
1815 1238 1943 1287 Ado.
1969 1240 2040 1286 II
2069 1241 2175 1286 166
2219 1232 2354 1305 (con-

170 1319 428 1368 suetudine
459 1315 580 1384 <et>
613 1320 745 1382 apud
778 1313 978 1386 poetas)
989 1338 1006 1379 ,·
1036 1322 1181 1368 immo
1211 1322 1327 1369 liaeo
1356 1322 1430 1369 vel
1461 1322 1584 1370 talia
1616 1325 1969 1381 exspectamus:
2001 1320 2354 1369 consuetudine

169 1398 456 1465 <communi
489 1404 538 1449 et
570 1417 627 1449 ea
661 1417 789 1463 quae
822 1401 1121 1449 auctoritate
1153 1402 1415 1450 firmantur
1445 1399 1683 1467 inventa>
1717 1403 1850 1465 apud
1883 1405 2072 1466 poetas.

319 1484 367 1543 4,
396 1485 476 1532 10.
527 1498 637 1531 611111
678 1482 1049 1531 demonstratur
1081 1483 1265 1532 dicitur
1302 1485 1514 1533 malebat
1541 1485 1654 1544 Sp.,·
1694 1500 1717 1532 c
1749 1486 1992 1533 contrario
2022 1500 2076 1544 p.
2107 1488 2150 1547 7,
2173 1486 2239 1532 23
2274 1484 2354 1532 de-

168 1567 417 1612 monstrat
449 1579 559 1612 cum
592 1564 715 1612 dicit
744 1563 937 1612 Aldus:
968 1580 1263 1625 quamquam
1295 1567 1384 1613 loci
1414 1569 1511 1626 ipsi
1542 1570 1656 1615 sunt
1686 1566 1958 1615 dissimiles.

317 1646 430 1694 ibid.
487 1645 738 1708 pertendit
770 1661 879 1694 cum
915 1646 1102 1695 Canale
1132 1649 1419 1707 reliquimus
1452 1652 1495 1695 et
1530 1664 1641 1696 mox
1679 1651 1891 1711 perstet,
1922 1649 2005 1695 ubi
2044 1647 2355 1710 pertenditur

168 1742 275 1775 611111
310 1728 567 1776 Vertranio
602 1731 644 1775 et
673 1730 925 1790 pei-stetur
959 1743 1066 1775 cum
1096 1728 1317 1790 Scioppio
1349 1730 1511 1786 multi,
1543 1732 1660 1789 quia
1693 1726 1847 1792 ‘quis’
1878 1731 2023 1789 facile
2047 1730 2356 1786 subauditur,

168 1811 223 1856 ut
257 1810 335 1856 VI
366 1810 446 1857 55.
482 1811 571 1864 73,
604 1810 693 1858 al..·
726 1811 785 1869 cf.
810 1810 945 1857 Mue.

318 1892 365 1951 5,
387 1894 467 1938 11.
509 1891 587 1939 De
608 1891 821 1938 Turnebi
845 1893 1149 1941 distinctione
1175 1886 1347 1958 (quam
1370 1896 1526 1942 denuo
1542 1898 1906 1955 proposuerunt
1933 1894 2085 1942 Grotli
2111 1898 2153 1941 et
2167 1892 2228 1941 A.
2246 1887 2354 1960 Sp.)

167 1973 227 2031 cf.
249 1973 318 2020 ed.
337 1968 539 2032 Bipont.
549 1988 601 2032 p.
621 1974 752 2022 272.
772 1999 830 2005 --
846 1973 975 2020 Muti
999 1975 1052 2021 in
1068 1974 1203 2022 Muci
1226 1979 1416 2024 mutare
1439 1977 1698 2033 noluimus,
1717 1991 2013 2037 quamquam
2035 1991 2122 2024 nec
2141 1976 2355 2024 Turnebi

167 2068 338 2101 sumus
368 2056 671 2102 immemores
700 2070 786 2103 nec
812 2054 996 2104 Ottonis
1022 2049 1312 2123 CSpricliu).>
1339 2072 1374 2106 s.
1400 2059 1444 2105 h.
1471 2052 1564 2123 v.:)
1594 2059 1871 2107 nominibus
1894 2062 2095 2118 propter
2117 2059 2357 2105 notionem

168 2138 320 2183 iocose
350 2138 424 2184 uti
453 2138 644 2184 videtur
677 2130 759 2203 (cf.
792 2138 961 2185 tacitis
995 2154 1192 2200 quoque
1225 2141 1275 2186 et
1305 2139 1465 2189 brutis
1497 2142 1631 2200 apud
1662 2140 1892 2188 Senecam
1924 2142 2056 2199 epist.
2094 2141 2214 2195 121,
2241 2133 2351 2205 24).

319 2217 367 2278 5,
397 2219 477 2265 16.
528 2234 743 2279 quorum
777 2256 786 2265 .
821 2257 830 2266 .
866 2258 875 2267 .
910 2221 1067 2268 omnis
1101 2235 1209 2268 cum
1240 2221 1364 2269 Mue
1395 2223 1460 2269 ad
1492 2224 1816 2270 antecedentia
1849 2222 2106 2281 referenda
2138 2235 2235 2269 esse
2258 2237 2357 2281 pu-

167 2302 353 2347 tamus:
396 2315 607 2361 quorum
653 2293 777 2366 (scil.
809 2302 1120 2363 quorundam
1153 2297 1481 2370 obiectorum)
1527 2320 1643 2366 pars
1676 2306 1750 2351 est
1781 2302 2028 2352 discordia
2059 2303 2217 2351 omnis
2250 2320 2355 2351 ver-

165 2380 343 2428 borum
375 2396 617 2429 novorum
650 2396 706 2429 ac
738 2384 975 2430 veterum.
1037 2383 1345 2444 Quamquam
1379 2401 1589 2446 quorum
1631 2388 1904 2446 suspectum
1948 2388 2041 2433 est:
2083 2386 2166 2431 ubi
2205 2399 2358 2443 neque

170 2477 278 2510 cum
302 2463 424 2510 Mue
447 2464 704 2511 scribimus
730 2480 826 2525 quo
854 2457 933 2530 (=
958 2458 1097 2531 hinc)
1122 2481 1273 2525 neque
1298 2483 1446 2527 quom
1471 2483 1577 2515 cum
1601 2467 1684 2528 Sp.
1712 2460 1895 2533 (omnis
1926 2468 1978 2513 in
2004 2466 2356 2515 consuetudine

168 2545 420 2592 communi
452 2540 841 2608 <commutata>,
874 2549 996 2607 quot
1028 2583 1038 2594 .
1075 2586 1083 2594 .
1119 2541 1179 2613 ..·)
1209 2549 1294 2595 sed
1315 2551 1483 2608 potius
1517 2565 1614 2611 quo
1647 2550 1865 2611 pertinet
1895 2549 1970 2596 vel
2001 2548 2094 2596 tale
2127 2549 2243 2607 quid
2275 2563 2352 2595 ecc-

167 2629 437 2686 spectamus
470 2619 589 2691 (quo
622 2628 702 2690 pti
727 2648 783 2664 =
809 2625 990 2689 quoru,
1023 2631 1108 2676 net
1139 2633 1250 2677 ante
1280 2625 1554 2695 uet[erum]
1588 2624 1703 2697 om).
1750 2631 1853 2678 Nec
1883 2631 2012 2678 deest
2040 2631 2247 2689 suspicio
2279 2631 2357 2678 liic

166 2708 407 2767 quaedam
437 2708 735 2757 intercidisse
766 2724 870 2756 una
902 2724 1012 2757 cum
1044 2712 1111 2758 eis
1143 2726 1267 2771 quae
1297 2709 1332 2773 ἕ
1367 2714 1400 2759 8
1430 2713 1783 2760 desiderantur.

317 2790 362 2851 5,
392 2791 473 2837 17.
513 2790 793 2838 litterarum
830 2805 906 2838 om
938 2807 984 2847 a,
1006 2791 1096 2838 Fr.
1115 2792 1383 2850 Fritzsche,
1414 2793 1520 2854 Sp„
1555 2795 1665 2841 alii:
1698 2796 1749 2841 at
1780 2792 1998 2853 suppleri
2023 2806 2167 2852 posse
2200 2808 2254 2840 ex
2285 2794 2357 2840 eis

166 2886 289 2932 quae
319 2874 546 2920 secuntur
577 2872 839 2920 verborum
870 2888 1131 2934 neyamus;
1161 2875 1307 2923 immo
1338 2878 1393 2922 ut
1423 2877 1762 2932 commutatio,
1793 2877 1864 2924 ita
1897 2876 2041 2923 etiam
2071 2875 2355 2921 litterarum

167 2954 338 3001 latiore
377 2953 586 3014 quodam
627 2968 773 3001 sensu
816 2954 913 3002 diei
955 2955 1159 3003 videtur.
1210 2957 1408 3005 Etenim
1455 2960 1597 3005 etiam
1639 2957 1868 3005 traiectio
1902 2956 2206 3019 syllabarum
2237 2958 2353 3016 quin

168 3036 493 3083 commutatio
527 3036 810 3083 litterarum
842 3037 940 3084 dici
961 3039 1121 3097 possit
1150 3039 1319 3086 latiore
1349 3054 1506 3095 sensu,
1541 3042 1624 3088 vix
1655 3040 1870 3087 dubium.

320 3117 366 3176 5,
387 3117 470 3163 18.
509 3118 731 3178 patietur
753 3120 1056 3166 servavimus
1081 3118 1163 3179 (cf.
1183 3119 1238 3167 X
1253 3116 1371 3184 769:
1403 3125 1523 3169 certe
1546 3136 1697 3182 neque
1720 3121 1852 3183 potis
1886 3123 1960 3168 est
1990 3133 2141 3179 neque
2170 3120 2358 3181 poterit

159 3198 444 3257 probabilia
467 3201 593 3245 sunt.
634 3197 793 3258 Atque
825 3202 1038 3248 scrutari
1059 3203 1321 3261 passivum
1343 3203 1445 3250 iam
1467 3202 1747 3251 Antonibon
1771 3203 1982 3262 defendit
2004 3204 2206 3262 itemque
2233 3200 2355 3248 Gro-

166 3280 295 3327 thius
329 3272 479 3344 (quod
508 3279 726 3327 vindicat
745 3280 1073 3341 Priscianus),
1106 3284 1329 3343 patietur
1359 3286 1521 3332 autem
1551 3286 1725 3344 optime
1757 3285 2038 3344 explicatur,
2069 3285 2113 3330 si
2143 3283 2202 3330 de
2232 3282 2356 3330 libro

167 3360 316 3409 altero
348 3362 612 3420 coyitamus
642 3375 702 3410 ac
732 3361 791 3409 de
822 3362 890 3410 eis
913 3365 996 3422 qui
1019 3365 1246 3424 neqarint
1275 3363 1628 3430 ἐτυμολογικὴν
1654 3368 1806 3413 artem
1831 3379 2027 3426 eamque
2049 3365 2215 3412 utilem
2240 3378 2353 3412 esse.

317 3443 365 3504 5,
393 3444 474 3489 21.
514 3443 592 3491 De
622 3443 912 3492 traiectione
945 3445 1004 3504 cf.
1038 3446 1106 3493 ed.
1140 3446 1337 3506 Bipont.
1372 3440 1714 3513 (tralationem
1737 3446 1977 3507 praetulit
2004 3446 2103 3506 Sp„
2133 3445 2355 3493 similiter

170 3523 416 3580 Grothius,
448 3527 616 3572 neuter
645 3538 826 3572 memor
855 3524 1092 3586 Scaliqeri
1122 3522 1430 3594 Popmaeve).

319 3606 366 3666 5,
392 3606 477 3653 22.
516 3605 667 3653 Nullo
696 3607 835 3653 modo
865 3607 1073 3666 probari
1095 3611 1253 3668 potest
1279 3610 1596 3658 Wilmannsii
1625 3610 1752 3657 ratio
1783 3610 1843 3657 de
1869 3609 2009 3656 Varr.
2043 3609 2073 3656 l.
2103 3623 2177 3668 qr.
2202 3607 2352 3667 1125

180 3686 462 3747 Woelfflino
485 3687 699 3746 probata
724 3685 893 3747 (Arch.
922 3688 1066 3735 VIII
1076 3704 1131 3749 p.
1159 3688 1314 3750 425).·
1345 3692 1433 3738 aut
1463 3690 1788 3752 productione
1813 3692 1901 3736 aut
1925 3690 2248 3751 correptione,
2272 3688 2353 3735 de-

166 3768 318 3830 nique
341 3768 695 3817 vocabulorum
719 3769 1077 3831 compositione
1104 3772 1194 3818 aut
1218 3771 1510 3820 conlisione:
1539 3787 1658 3819 nam
1687 3785 1786 3818 non
1818 3772 1890 3819 bis
1914 3774 2176 3832 quaternae
2201 3772 2356 3818 essent
