2600 4198
1021 118 1478 178 PROLEGOMENA
2159 143 2330 189 xxvn

150 268 360 320 textum
397 267 455 318 in
477 265 537 318 F
568 266 819 318 affectum
855 283 969 319 esse
1006 269 1447 339 reputaverimus,
1488 289 1810 340 quamquam
1840 292 2175 344 nequaquam
2208 279 2329 332 inde

153 372 366 408 omnem
405 354 647 407 mutandi
684 354 959 406 licentiam
996 354 1382 426 libidinemque
1422 358 1788 429 admittemUS,
1827 365 2026 432 tamen,
2063 366 2120 417 ni
2159 367 2330 436 fallor,

152 444 266 495 iure
295 444 483 495 nostro
525 442 906 495 contendemus
950 474 1014 481 —
1057 447 1118 496 ut
1149 464 1316 498 unum
1357 446 1547 501 saltem
1586 449 1889 519 exemplum
1936 453 2217 507 afferamus
2257 487 2329 493 —

151 531 214 584 de
270 531 448 584 verbis
503 549 640 600 quae
698 531 828 599 130,
851 531 923 584 28
972 533 1249 587 offendunt
1286 552 1397 587 non
1434 536 1611 590 minus
1652 555 1846 603 errare,
1903 541 1995 609 qui
2034 541 2329 596 Varronem

151 622 374 690 incuset,
406 623 469 673 ut
499 619 863 673 Reitzenstein
894 620 1024 673 fecit
1054 640 1105 690 p.
1138 622 1208 674 22
1228 623 1344 675 adn.
1367 624 1412 691 1,
1446 643 1606 693 quam
1639 628 1731 694 qui
1763 628 1860 680 tali
1900 648 2021 681 eum
2053 632 2211 683 modo
2246 651 2330 684 ex-

154 712 320 779 cuset,
357 712 420 761 ut
457 708 850 762 Roehrscheidt
890 709 947 762 in
985 727 1207 762 censura
1248 731 1297 780 p.
1334 713 1438 764 796
1458 713 1575 765 adn.
1616 717 1669 766 et
1701 715 1832 769 802:
1874 719 1965 786 qui
2005 703 2147 787 quod
2186 721 2331 773 addit

150 799 377 869 cogitari
415 816 573 868 posse
609 798 772 851 etiam
805 799 868 851 de
903 799 1241 852 ‘correctore'
1266 801 1590 855 Artemidori
1629 803 1903 873 inferente,
1943 825 2050 858 non
2091 808 2266 860 minus
2299 829 2329 861 a

151 905 275 940 vero
313 887 592 957 aberravit,
631 888 737 939 nisi
772 887 1019 940 insanum
1051 907 1270 957 prorsus
1303 891 1556 960 fingimus
1590 896 1956 950 correctorem.
2032 895 2202 949 Immo
2228 898 2330 950 hoc

150 994 364 1046 quoque
395 976 516 1029 loco
549 979 643 1029 aut
675 994 795 1029 cum
826 977 1075 1030 Turnebo
1109 982 1202 1031 aut
1239 979 1516 1033 nobiscum
1557 980 1619 1034 de
1658 981 1814 1050 lapsu
1852 984 2196 1054 cogitandum
2236 991 2327 1039 est.

297 1065 487 1117 Restat
539 1068 600 1117 ut
655 1064 718 1117 de
775 1065 1158 1137 orthographia
1213 1068 1472 1136 quaedam
1527 1087 1930 1139 componamUS,
1995 1073 2056 1125 de
2116 1093 2220 1143 qua
2274 1076 2330 1127 in

148 1157 459 1208 transcursu
500 1153 672 1206 adhuc
711 1153 956 1208 diximus
1033 1155 1213 1225 Atque
1253 1157 1310 1209 in
1348 1157 1434 1209 his
1472 1158 1631 1211 rebus
1672 1160 1847 1228 quoad
1885 1161 2001 1213 fieri
2033 1164 2210 1230 potuit
2247 1181 2328 1215 co-

148 1242 318 1295 dicem
372 1243 430 1295 F
483 1260 582 1296 nos
639 1248 849 1296 secutos
913 1263 1027 1297 esse
1087 1245 1251 1298 semel
1305 1265 1595 1300 monemus
1703 1248 1823 1301 Etsi
1882 1250 2154 1303 noluimus
2210 1270 2329 1305 cum

148 1330 434 1401 Spengelio
467 1331 658 1385 Savini
695 1333 930 1402 recipere
969 1353 1067 1403 pro
1105 1333 1307 1403 Sabini,
1348 1354 1483 1403 quae
1524 1337 1787 1405 scriptura
1825 1340 1995 1391 rarior
2035 1357 2159 1392 sane
2198 1340 2255 1392 in
2278 1341 2336 1393 F

147 1423 249 1484 est,
305 1421 397 1473 sed
450 1420 670 1473 minime
725 1421 891 1475 deest:
943 1442 1065 1475 nam
1118 1424 1352 1492 priorem
1399 1425 1627 1477 formam
1675 1427 1814 1478 unde
1862 1425 2097 1496 Spengel
2136 1428 2329 1497 praef.²

145 1527 195 1578 p.
222 1508 354 1562 VIII
386 1510 673 1562 contendat
707 1511 1105 1580 ‘antiquitatem
1146 1513 1413 1578 indicare'‚
1453 1513 1610 1582 plane
1651 1532 1747 1567 nos
1787 1516 1944 1584 fugit,
1983 1517 2073 1568 sed
2107 1518 2326 1570 conferi-

146 1616 266 1650 mus
306 1615 427 1651 cum
466 1599 619 1651 aluae
658 1618 756 1668 pro
790 1601 938 1652 albae
980 1601 1100 1668 134,
1134 1602 1166 1653 9
1209 1605 1261 1654 et
1299 1603 1403 1655 iobi
1441 1621 1538 1671 pro
1581 1605 1688 1656 ioui
1732 1604 1852 1674 134,
1877 1607 1909 1656 6
1951 1609 2005 1656 et
2050 1606 2193 1660 uobis
2230 1625 2326 1675 pro

146 1686 289 1740 bouis
332 1686 452 1755 111,
475 1688 541 1739 13
584 1688 969 1758 similibusque.
1058 1689 1185 1742 Non
1239 1691 1409 1759 magis
1465 1696 1641 1757 tepora
1695 1692 1963 1745 interdum
2014 1713 2112 1762 pro
2154 1697 2328 1762 tepora

49 1838 59 1845 ·
146 1774 390 1829 relictum
436 1795 534 1845 pro
584 1778 880 1830 archaismo
928 1779 1188 1831 venditari
1237 1797 1395 1848 posse
1453 1781 1559 1832 iam
1598 1780 1660 1832 A.
1697 1779 1928 1852 Spengel
1982 1785 2123 1851 patri
2164 1803 2328 1853 oppo-

147 1864 268 1917 suit.
344 1864 535 1934 Neque
576 1866 638 1918 de
679 1885 779 1934 opu
812 1869 921 1934 fuit
958 1868 1023 1920 ab
1063 1871 1293 1937 utroque
1334 1869 1565 1922 admisso
1612 1870 1730 1938 191,
1758 1871 1823 1922 18
1864 1890 1961 1924 nos
2003 1872 2156 1924 aliter
2195 1873 2328 1926 iudi-

149 1953 386 2008 cavimus
421 1972 481 2007 ac
514 1954 576 2007 de
615 1956 690 2008 ibi
721 1973 746 2008 e
776 1974 872 2024 pro
913 1957 989 2008 ibi
1019 1957 1141 2025 <s>e
1171 1957 1258 2025 40,
1281 1958 1307 2008 1
1344 1957 1583 2026 aliisque.
1649 1959 1752 2012 Sed
1783 1964 1924 2013 recte
1957 1961 2094 2014 idem
2127 1961 2326 2014 ibidem

144 2043 345 2096 formas
378 2045 625 2112 antiquas
652 2063 842 2111 prosus
874 2051 920 2098 et
948 2063 1108 2111 rosus,
1142 2048 1363 2115 deosum,
1404 2047 1533 2099 item
1566 2049 1802 2118 derectuS,
1833 2050 2094 2117 probavit.
2157 2051 2324 2104 Porro

145 2132 202 2184 in
264 2133 647 2186 assimilatione
711 2153 845 2202 quae
912 2135 1106 2187 dicitur
1159 2152 1279 2187 cum
1335 2136 1394 2188 F
1441 2136 1779 2190 exhibuimus
1835 2140 2038 2191 accanit
2090 2157 2327 2193 accensus

146 2219 295 2291 (109,
324 2221 391 2274 13
432 2241 499 2274 m.
534 2223 568 2275 2
609 2240 740 2275 corr.
781 2226 1023 2278 adcensos
1062 2243 1125 2276 ex
1159 2223 1386 2295 acensos)
1439 2231 1672 2280 accentus
1716 2228 1947 2280 accedere
1985 2230 2209 2295 accipere
2246 2247 2326 2282 ac-

143 2311 365 2380 quirere,
405 2313 594 2379 afferre
632 2315 837 2380 afficere
885 2311 1000 2384 (sed
1039 2315 1271 2381 adfuerit
1311 2314 1397 2382 72,
1426 2313 1541 2385 15),
1582 2316 1774 2368 allatus
1815 2315 1930 2387 (sed
1970 2318 2163 2370 adlatis
2206 2317 2324 2382 151,

149 2396 242 2470 12)
281 2400 450 2453 allecti
488 2401 706 2469 alliyare
745 2399 862 2473 (sed
898 2402 1191 2455 adlocutum
1225 2404 1308 2471 77,
1338 2403 1427 2472 16,
1468 2404 1667 2457 adlucet
1697 2404 1782 2473 85,
1808 2403 1888 2476 9),
1928 2409 2323 2460 ammonendum

147 2486 221 2557 (5,
245 2487 342 2559 23)
382 2491 722 2544 amminicula
761 2490 875 2561 (92,
901 2489 956 2562 7)
1008 2494 1335 2546 amminister
1381 2491 1530 2565 (103,
1557 2493 1588 2545 9
1629 2513 1696 2545 m.
1722 2492 1779 2565 2)
1821 2497 2176 2548 amministrat
2217 2496 2324 2564 (85,

148 2576 205 2630 5:
246 2577 339 2630 sed
363 2578 806 2649 adminiculandi3
846 2582 1186 2634 administros
1210 2582 1296 2650 28,
1325 2582 1416 2651 17,
1455 2585 1727 2636 admonere
1750 2582 2069 2655 admovere);
2110 2590 2325 2651 apparet

144 2666 407 2734 appellare
472 2686 744 2738 apponere3
807 2670 1078 2723 ascendere
1130 2671 1382 2724 ascribere
1435 2674 1690 2740 ascriptus
1750 2674 2040 2742 ascriptivi,
2103 2690 2325 2727 asserere

145 2754 263 2826 (sed
308 2757 543 2810 adserere
582 2757 667 2826 80,
694 2759 750 2827 6,
797 2760 1012 2826 adsequi
1062 2760 1181 2828 176,
1211 2758 1302 2831 11)
1354 2762 1600 2814 assiduus
1646 2760 1764 2832 (sed
1810 2763 2042 2815 adsimus
2086 2763 2205 2829 119,
2234 2763 2322 2832 18,

143 2846 314 2899 adsiet
351 2846 437 2916 89,
466 2847 558 2917 18)
597 2848 869 2915 assiynata
909 2845 1026 2919 (sed
1063 2867 1271 2917 semper
1302 2850 1670 2918 adsiynificare
1699 2853 1910 2919 praeter
1946 2851 2064 2920 114,
2089 2850 2147 2921 4)
2188 2853 2325 2918 aspi-

142 2950 251 2988 cere
288 2940 520 3002 aspectus
565 2941 746 2989 astans
792 2939 1075 2991 assudescit
1121 2939 1391 2992 assuetudo
1431 2956 1688 2993 ass-umere
1736 2936 1853 3010 (sed
1892 2940 2163 2993 adsumere
2206 2940 2323 3009 142,

143 3022 239 3093 203
296 3023 418 3093 186,
453 3023 569 3096 13),
624 3030 928 3093 attemptare
981 3028 1198 3080 attinere
1258 3025 1348 3098 (ex
1399 3029 1633 3081 adtinere
1682 3028 1802 3097 160,
1837 3026 1893 3097 6)
1948 3030 2196 3096 attinyere
2249 3034 2323 3081 at-

142 3113 366 3167 tributus
420 3111 713 3185 (adtributa
771 3114 862 3183 16,
900 3113 960 3186 4)
1014 3118 1293 3186 attuimur3
1355 3117 1541 3170 collata
1594 3117 1793 3170 collecta
1848 3117 2034 3184 colleya
2086 3118 2324 3184 colliyare

143 3201 440 3255 collocutum
485 3202 790 3271 colloquium
828 3204 866 3272 †
883 3204 1093 3258 colludit
1131 3203 1244 3275 (99,
1269 3203 1350 3276 2),
1398 3206 1685 3259 comburere
1729 3206 1767 3273 †
1784 3210 2089 3259 commeatus
2129 3205 2238 3275 (89,
2265 3204 2321 3275 6)

143 3295 480 3344 commentum
524 3294 878 3346 commentarii
915 3294 1236 3347 comminisci
1274 3295 1581 3348 committere
1618 3296 1872 3347 commode
1910 3296 2200 3347 commodus
2245 3294 2322 3361 (et

143 3380 551 3450 accommodare)
576 3386 853 3436 commotus
879 3399 1185 3436 commovere
1214 3385 1499 3437 communis
1524 3382 1624 3454 (ita
1650 3383 1768 3452 6,2,
1802 3383 1920 3435 aliis
1952 3383 2123 3451 iisque
2155 3383 2321 3450 pluri-

143 3467 247 3521 mis
292 3467 425 3522 locis
472 3471 703 3523 comunis
753 3471 897 3539 quod
946 3490 1056 3524 non
1094 3470 1430 3543 admisimus)
1486 3477 1796 3526 commutare
1832 3472 2155 3524 commutatio
2193 3487 2322 3523 com-

142 3556 486 3627 mutabilitas;
524 3575 734 3627 compar
770 3577 1073 3627 comparare
1110 3563 1372 3628 compend·
1415 3565 1686 3628 competere
1716 3560 2013 3627 compitalia
2044 3559 2323 3625 compluere

142 3645 454 3713 complicium
484 3648 770 3715 complures
799 3653 1114 3716 comportare
1143 3650 1404 3717 composit-
1435 3649 1849 3716 comprehendere
1871 3648 2176 3715 computatio
2204 3644 2319 3716 (sed

142 3736 414 3801 conparatis
454 3734 577 3804 149,
602 3735 720 3808 22),
774 3738 1004 3791 corradit
1048 3742 1304 3806 correptus
1342 3754 1575 3790 corruere
1617 3740 1884 3803 corruptus
1931 3733 2008 3806 (et
2053 3736 2318 3800 incorrup-
