2600 4198
224 192 331 246 292
1075 184 1546 231 ADNOTATIONES

375 333 496 391 187,
525 333 569 378 7.
611 331 658 377 ei
691 326 920 391 [habent]
956 328 1030 376 vel
1059 326 1102 375 is
1133 326 1284 374 habet
1314 325 1473 373 exitus
1503 323 1588 385 Sp.

376 413 497 473 187,
524 412 569 459 8.
620 410 720 458 Pro
761 410 861 457 levi
890 422 1042 468 neque
1070 407 1206 471 pelvi
1237 406 1365 468 (Sp.)
1397 420 1548 466 neque
1579 406 1710 454 clavi
1741 404 1941 467 (Groth)
1981 410 2103 455 recte
2133 407 2404 467 corriyitur,

223 510 331 543 cum
362 495 477 542 haec
506 492 779 552 similiaque
801 505 899 537 non
921 492 1085 538 minus
1110 490 1225 537 bene
1245 488 1580 548 praecedentis
1603 489 1809 536 rationis
1834 488 2050 548 exempla
2075 501 2174 536 esse
2194 488 2402 548 possint.

224 578 400 635 Itaque
443 577 531 622 aut
570 573 856 632 interposuit
896 571 1055 620 Varro
1096 570 1218 626 levi,
1261 585 1369 618 cum
1410 570 1463 616 in
1494 569 1742 617 adiectivis
1783 583 1902 618 sane
1933 572 2158 618 constans
2188 570 2251 617 sit
2290 570 2310 616 i
2350 570 2405 616 in

223 657 447 711 ablativO,
480 657 580 710 aut,
610 655 654 701 si
684 653 1038 701 substantivum
1060 653 1242 712 posuit,
1274 650 1610 711 corriyendum
1632 650 1798 710 potius
1829 649 1956 698 febri
1988 651 2089 698 coll.
2121 651 2298 711 fraym.
2336 651 2405 698 19

224 738 308 798 (cf.
340 737 429 784 IX
461 735 604 795 112).
1402 776 1405 779 ,

378 818 499 879 187,
528 819 609 865 17.
650 811 773 880 (in)
795 814 1042 877 loquendo
1066 814 1177 875 Sp.,·
1206 813 1445 876 loquendi
1469 814 1608 868 Boot,
1633 814 1662 860 l.
1688 827 1724 860 3.
1750 827 1787 860 3.
1811 827 1864 872 p.
1892 815 2015 868 412,
2042 812 2105 860 ad
2130 812 2405 862 orationem

215 900 458 961 proximis
493 914 619 961 quae
651 897 904 960 pertinent
933 897 1218 957 adiunyens.

379 982 499 1041 187,
527 981 608 1028 23.
647 979 808 1042 bigae,
838 975 1117 1042 <quadriga
1149 971 1456 1040 quadrigae>
1478 975 1585 1036 Sp..·
1616 979 1669 1024 at
1697 990 1740 1023 v.
1773 990 1810 1023 s.
1844 976 1910 1024 ad
1930 991 1984 1036 p.
2021 977 2146 1031 173,
2176 978 2221 1024 6.

377 1063 496 1123 188,
524 1062 606 1109 18.
646 1060 910 1108 Hectorem
941 1059 1201 1108 Nestorem
1232 1058 1449 1106 Hectora
1474 1057 1687 1106 Nestora
1709 1055 1818 1117 Sl)..-
1849 1060 1901 1106 at
1920 1058 2139 1118 pluralis
2162 1057 2409 1118 siqnifiicat

223 1145 422 1193 nomina
466 1143 635 1203 qualia
675 1144 791 1199 sunt
831 1141 898 1188 H.
927 1140 1017 1188 N..-
1058 1155 1100 1188 v.
1144 1141 1284 1199 infra
1315 1154 1369 1200 p.
1407 1140 1526 1195 189,
1557 1142 1586 1187 1
1620 1138 1784 1199 (aliter
1815 1141 2123 1199 comparatus
2166 1141 2235 1187 est
2276 1140 2408 1188 locus

229 1228 349 1282 184,
380 1224 485 1284 17).

377 1306 498 1364 188,
526 1306 608 1354 19.
668 1320 724 1352 eo
770 1319 946 1367 genere
978 1302 1090 1351 Scal
1133 1301 1241 1362 (ubi
1279 1302 1372 1350 hoc
1414 1316 1592 1365 genere
1637 1305 1874 1361 exspectat
1915 1301 2126 1363 Oanal);
2168 1302 2405 1365 degenere

225 1402 333 1435 cum
362 1387 550 1434 Lachm
580 1387 635 1434 in
665 1386 815 1433 Lucr.
838 1400 891 1445 p.
930 1385 997 1432 56
1032 1385 1217 1432 Vahlen
1227 1401 1245 1442 ;
1275 1383 1519 1448 degenera
1547 1382 1718 1439 Ganal.

377 1469 499 1528 188,
527 1469 594 1514 24
611 1482 679 1529 sq.
712 1469 769 1514 ut
801 1460 919 1533 (pro
945 1459 1016 1531 et)
1051 1469 1094 1514 et
1123 1466 1378 1514 revocaret
1411 1462 1527 1531 (pro
1559 1479 1790 1513 revocare
1815 1458 1888 1531 et)
1918 1464 2079 1514 Oanal
2103 1464 2254 1526 (idem
2275 1480 2318 1513 v.
2340 1466 2405 1513 29

229 1552 378 1597 natae
410 1551 547 1605 sunt,
578 1549 729 1597 male:
760 1550 819 1608 cf.
855 1549 976 1604 188,
1005 1547 1112 1608 17).

378 1633 498 1692 189,
527 1633 571 1679 1.
611 1629 907 1678 Bacchidem
940 1632 990 1677 et
1023 1628 1312 1692 Chrysidem
1345 1631 1387 1676 et
1412 1626 1639 1690 Chrysim
1673 1629 1722 1675 et
1745 1627 1981 1676 Bacchim
2013 1630 2055 1676 et
2086 1626 2329 1691 Chryside.
2362 1630 2412 1675 et

225 1713 477 1761 Bacchida
498 1711 607 1773 Sp..·
639 1715 691 1759 at
722 1714 779 1773 cf.
806 1712 872 1759 ad
900 1712 1021 1766 188,
1051 1712 1133 1758 18.

379 1796 499 1855 189,
527 1795 573 1841 8.
613 1793 833 1856 partium
857 1793 1035 1849 Reiter,
1059 1794 1258 1852 praeter
1287 1806 1401 1840 rem.
1442 1817 1503 1824 -
1539 1790 1592 1837 in
1623 1790 1826 1838 terendo
1863 1789 2035 1840 Ganal.

382 1877 503 1936 189,
533 1878 614 1924 11.
654 1870 789 1939 (ad)
814 1873 1070 1938 analogias
1095 1873 1261 1934 Sciop:
1294 1877 1345 1921 at
1373 1873 1522 1920 multo
1546 1872 1853 1932 probabilius
1884 1876 1952 1920 est
1982 1873 2045 1920 ad
2076 1873 2165 1921 has
2191 1872 2409 1935 duplices

220 1973 314 2018 per
344 1972 395 2006 se
435 1972 583 2005 sensu
614 1972 806 2006 cassum
847 1957 939 2004 huc
973 1958 1231 2016 pertinere,
1264 1956 1558 2015 praesertim
1589 1969 1698 2001 cum
1728 1953 1941 2016 duplicis
1982 1958 2091 2002 ante
2129 1956 2411 2016 separatam

230 2039 351 2087 satis
384 2040 459 2087 est
491 2037 599 2099 (ubi
627 2039 927 2098 reliquerunt
948 2039 1071 2085 Mue
1103 2040 1146 2086 et
1167 2035 1230 2084 A.
1247 2036 1329 2096 Sp.
1363 2051 1470 2084 cum
1504 2035 1688 2096 ceteris)
1713 2036 1836 2095 ferri
1866 2037 1947 2083 vix
1969 2036 2149 2095 possit:
2181 2049 2237 2083 ac
2267 2035 2411 2095 facile

229 2122 290 2169 ab
323 2119 386 2167 ad
417 2121 505 2168 has
539 2121 605 2168 ad
637 2119 894 2182 analogias
927 2120 1158 2167 aberrare
1179 2119 1341 2179 potuit
1370 2117 1620 2173 librarius,
1651 2118 1781 2165 unde
1811 2121 1919 2165 orta
1950 2118 2175 2165 traiectio,

384 2203 504 2263 189,
534 2203 600 2248 14
617 2217 684 2263 sq.
739 2202 891 2249 tertia
930 2195 1204 2264 neutra<e>
1247 2199 1406 2248 Oanal
1450 2201 1651 2258 itemque
1690 2202 1733 2247 et
1770 2191 2038 2264 (neutrae.)
2079 2199 2259 2247 veteris
2299 2214 2413 2246 con-

229 2284 504 2332 suetudinis
536 2285 596 2331 ut
628 2320 637 2331 .
672 2321 682 2331 .
717 2321 726 2331 .
759 2281 904 2330 huius
937 2284 994 2329 ut
1024 2281 1104 2342 Sp.

383 2367 504 2427 189,
533 2366 598 2413 23
617 2379 684 2426 sq.
726 2364 790 2412 ad
821 2379 973 2426 quam
1004 2364 1180 2412 harum
1211 2363 1423 2411 duorum
1454 2357 1676 2426 (quom)
1709 2361 1771 2408 ad
1804 2363 2077 2409 extremum
2112 2361 2285 2410 Canal.

382 2448 503 2508 189,
532 2447 598 2495 28
617 2461 684 2506 sq.
728 2446 801 2507 Of.
829 2447 1149 2495 Reitzenstein
1170 2460 1222 2505 p.
1260 2444 1342 2492 65.

383 2530 504 2589 190,
531 2530 577 2576 2.
633 2529 750 2577 sunt
779 2527 855 2586 F;
901 2528 1002 2576 sint
1049 2526 1330 2588 apoqrapha
1377 2524 1641 2586 quaedam:
1687 2526 1814 2584 quod
1860 2527 2045 2573 tutatur
2076 2525 2229 2573 Blase
2262 2521 2410 2575 ‘Hist.

234 2609 453 2658 Gramm.
487 2612 532 2658 d.
565 2611 596 2658 l.
628 2606 757 2671 Spr.'
792 2611 897 2657 III
925 2614 954 2657 1
981 2626 1034 2670 p.
1071 2609 1192 2657 195.
1223 2605 1581 2664 209‚'iniuria.

383 2693 502 2753 190,
531 2694 576 2740 9.
618 2694 669 2739 et
697 2691 857 2756 figura
888 2692 941 2739 in
973 2692 1192 2739 transitu
1224 2688 1569 2737 declinationis
1602 2688 1750 2750 parili
1786 2687 1959 2737 Ganal.

383 2775 505 2835 190,
534 2774 615 2821 14.
654 2773 849 2836 patitur
871 2773 979 2834 Sp:
1011 2776 1062 2821 at
1092 2774 1151 2832 cf.
1178 2773 1244 2820 ad
1280 2771 1325 2826 5,
1348 2772 1430 2819 18.

383 2856 504 2915 190,
532 2856 613 2903 20.
672 2856 751 2903 De
791 2854 957 2917 potuit
999 2855 1237 2902 servando
1280 2853 1454 2913 coyitat
1486 2851 1658 2908 Groth,
1702 2853 1788 2898 etsi
1829 2850 1972 2914 potui
2011 2865 2066 2898 ex
2103 2852 2271 2912 potut,
2313 2863 2412 2898 non

235 2935 403 2998 potuit
432 2950 553 2984 corr.
585 2938 640 2984 in
661 2936 723 2983 F.

385 3019 506 3079 191,
533 3020 578 3066 1.
621 3017 695 3078 Of.
733 3016 783 3066 G.
801 3018 862 3065 F.
888 3018 961 3066 W.
980 3016 1193 3066 Mueller
1215 3016 1514 3064 Fleckeiseni
1535 3014 1720 3063 Annal.
1745 3014 2044 3062 LXXXIX
2062 3029 2115 3074 p.
2145 3015 2263 3062 631.

385 3100 505 3160 191,
533 3100 579 3146 6.
623 3097 697 3160 Of.
723 3099 1045 3147 Reitzenstein
1066 3114 1119 3159 p.
1150 3098 1217 3145 57
1250 3097 1362 3145 adn.
1390 3097 1437 3144 3.

723 3334 1293 3391 ADNOTATIONES
1332 3334 1434 3390 AD
1474 3333 1928 3389 FRAGMENTA

388 3470 507 3531 192,
536 3470 581 3517 6.
632 3469 791 3518 Verba
835 3482 960 3530 quae
993 3483 1048 3516 ex
1077 3467 1259 3516 Anecd.
1291 3467 1434 3515 Helo.
1471 3467 1703 3515 accedunt
1747 3466 1814 3514 ad
1853 3480 1910 3515 ea
1947 3480 2071 3527 quae
2109 3465 2413 3514 exhibuimus

238 3542 530 3615 (secundum
562 3550 859 3613 qualitatem
889 3550 1154 3598 locutionis
1186 3548 1360 3598 similis
1394 3547 1675 3610 quaerenda
1707 3551 1782 3597 est
1813 3547 1974 3596 oratio
2007 3549 2057 3594 et
2099 3547 2228 3595 sicut
2259 3546 2412 3608 placi-

235 3633 344 3678 tum
385 3631 527 3681 nobis
569 3633 753 3693 manet,
795 3630 977 3679 dicitur
1007 3630 1272 3693 unicuique
1313 3622 1514 3696 nomen)
1556 3630 1795 3678 Varronis
1825 3642 1924 3677 esse
1954 3630 2122 3678 contra
2151 3628 2414 3687 Hayenwm

236 3713 475 3761 Fwnaioli
506 3728 560 3774 p.
597 3715 703 3761 196
732 3716 855 3762 recte
894 3715 1049 3773 neyat.
1100 3709 1176 3759 Ac
1206 3711 1365 3760 deesse
1402 3712 1456 3759 in
1486 3710 1643 3759 codice
1683 3710 1916 3759 Vaticano
1947 3711 2099 3758 disces
2141 3722 2198 3757 ex
2227 3708 2412 3756 dissert.

237 3793 459 3843 Hwnovii
482 3793 564 3854 (de
586 3795 718 3842 Iulio
745 3793 846 3842 Tol.
872 3795 942 3843 ed.
967 3794 1073 3842 Ien.
1097 3808 1143 3841 a.
1172 3791 1338 3853 1891)
1360 3807 1415 3853 p.
1444 3791 1514 3840 15
1522 3808 1541 3851 ‚·
1568 3793 1682 3840 item
1702 3791 1754 3839 in
1778 3789 2106 3852 Amplonicmo
2130 3787 2213 3850 (cf.
2228 3803 2282 3850 p.
2299 3787 2413 3847 28).
