2600 4198
35 0 64 15 .'s
86 0 90 6 '
122 0 123 3 ¹

40 15 51 22 -.

0 0 48 340 [I

0 341 6 350 ι

0 3827 8 3915 ζί

0 3918 9 3937 ,,

995 151 1469 197 ADNOTATIONES
2214 156 2322 210 265

147 290 284 340 Trin.
306 290 426 344 915.
479 291 782 354 prominisci,
815 291 943 353 quod
971 307 1216 352 nusquam
1248 294 1434 354 leyitur,
1457 292 1520 340 A.
1538 292 1619 354 Sp.
1670 293 1765 342 Sed
1796 295 1911 343 haec
1940 309 2038 343 non
2069 300 2168 343 tam
2201 293 2328 357 ‘pro-

143 367 455 421 nuntiantur’
488 387 636 432 quani
668 374 966 433 coqitantur:
995 375 1125 421 unde
1156 375 1384 422 ementiri
1407 377 1769 435 proposuimus,

297 462 379 522 73,
408 462 489 508 10.
546 462 739 508 Mirum
787 465 874 518 est,
921 463 1047 523 quod
1093 464 1374 510 meminisse
1421 478 1520 512 non
1567 466 1875 526 coniunqitur
1913 480 2019 513 cmn
2063 467 2325 522 reminisci,

145 542 474 598 comminisci,
493 565 498 569 ·
518 543 603 590 sed
633 556 741 590 curn
774 557 971 601 amens;
1013 559 1111 591 non
1141 546 1305 592 minus
1347 546 1541 606 mirum,
1573 547 1700 605 quod
1729 547 1863 595 nullo
1895 548 2036 595 verbo
2066 549 2328 605 indicatur,

143 624 375 683 quomodo
406 622 689 672 meminisse
715 638 747 671 a
777 627 940 672 mente
967 626 1163 673 ductum
1186 628 1263 682 sit,
1295 626 1380 673 sed
1411 629 1642 685 quomodo
1674 643 1857 685 amens,
1890 643 1981 687 quo
2012 631 2071 677 de
2099 645 2159 676 ne
2190 630 2328 677 dubi-

143 706 242 759 tari
272 706 465 764 quidem
488 706 674 764 potuit:
712 707 841 753 unde
871 708 1039 754 merito
1072 708 1269 755 coniecit
1297 706 1379 766 Sp.
1410 708 1536 755 illud
1567 709 1826 757 delendum
1858 724 1970 758 esse.
2023 711 2328 771 Quamquam

142 788 197 835 in
240 800 291 835 eo
333 801 432 833 non
475 788 743 843 haeremus,
788 789 915 848 quod
948 789 1087 836 atiud
1119 791 1305 849 etymon
1337 790 1464 835 vocis
1495 791 1777 837 meminisse
1820 792 1992 851 leqitur
2014 794 2167 852 paulo
2202 796 2329 852 post,

143 870 282 916 cuius
311 869 383 916 rei
414 870 652 917 rationem
685 870 923 929 explicare
954 867 1141 917 studuit
1169 870 1490 918 Reitzenstein
1512 886 1564 930 p.
1595 873 1678 918 38.

298 958 379 1019 73,
411 961 491 1004 11.
532 958 674 1005 Mira
696 959 905 1017 protulit
935 960 992 1006 de
1023 960 1097 1006 his
1128 959 1449 1007 Reitzenstein
1475 974 1511 1018 p
1547 961 1631 1013 39,
1665 976 1787 1020 quac
1819 964 2139 1022 refutavimus
2174 960 2326 1011 ‘Bert

135 1040 256 1099 phil.
285 1035 635 1088 Wochenschr.’
663 1054 705 1086 a.
738 1041 878 1087 1901
902 1054 956 1099 p.
987 1042 1143 1087 1034.
1188 1041 1335 1088 Lucr.
1362 1041 1465 1086 III
1489 1042 1595 1089 152
1619 1043 1801 1100 confert
1830 1045 1958 1091 idern
1983 1040 2329 1105 ‘Strassburqer

142 1116 456 1180 Festschrift’
474 1136 526 1181 p.
558 1121 678 1168 159.
729 1121 886 1170 Verba
914 1124 1279 1182 corruptissima
1303 1126 1443 1179 sunt;
1475 1126 1526 1169 at
1556 1127 1736 1171 certum
1769 1128 1836 1172 est
1864 1127 2066 1173 invicem
2097 1140 2148 1174 se
2180 1129 2328 1174 tutari

145 1198 405 1250 ‘metuisti’
442 1204 676 1250 amovisti
711 1207 753 1251 et
786 1199 1070 1251 ‘tremuisti'
1105 1205 1340 1259 timuisti,
1365 1205 1620 1263 probabile
1651 1207 1889 1266 quaedam
1921 1209 2230 1256 intercide'sse.

295 1293 377 1351 73,
407 1293 473 1339 14
491 1307 558 1351 sq.
604 1291 676 1351 Of.
711 1292 1033 1341 Reitzenstein
1054 1309 1107 1354 p.
1143 1295 1214 1341 35
1231 1309 1297 1354 sq.

295 1375 377 1434 73,
407 1376 471 1420 17
491 1388 556 1434 sq.
604 1374 677 1433 Cf.
703 1374 830 1421 idern
851 1390 905 1434 p.
934 1377 1019 1422 36.
1064 1375 1283 1423 Ceterum
1315 1376 1430 1424 illae
1457 1377 1705 1437 (Christis)
1730 1380 1830 1426 iani
1863 1382 2111 1440 occupavit
2147 1380 2333 1429 Grdbert

144 1451 330 1503 ς6163611.
362 1470 411 1502 u.
446 1451 581 1515 Top.’
605 1471 658 1515 p.
691 1458 814 1504 203.

296 1538 377 1598 74,
406 1538 450 1583 5.
494 1553 641 1598 quom
674 1539 827 1600 pavit,
862 1537 923 1585 ab
957 1554 1013 1586 eo
1049 1538 1220 1587 Canai.

296 1620 379 1678 74,
406 1620 522 1679 sssq.
577 1635 724 1680 quom
768 1620 819 1666 id
864 1620 994 1681 quod
1036 1623 1276 1669 remansit
1318 1622 1369 1669 in
1402 1624 1564 1670 mente
1597 1619 1836 1686 (rursus)
1869 1625 1976 1685 init,
2022 1626 2152 1687 quod
2183 1624 2328 1691 (est)

141 1716 308 1748 rursus
330 1703 556 1748 movetur
568 1701 889 1749 Reitzenstein
909 1716 958 1761 p.
979 1704 1011 1748 3
1020 1702 1064 1758 5,
1090 1718 1188 1750 non
1211 1706 1354 1752 recte:
1379 1718 1496 1751 nain
1522 1720 1673 1764 neque
1698 1707 1825 1766 quod
1848 1710 2136 1756 remansit
2157 1724 2332 1756 rursus

143 1784 267 1830 inire
291 1785 450 1842 potest
478 1797 629 1842 neque
660 1797 835 1830 rursus
867 1785 1023 1831 inire
1053 1784 1181 1832 idean
1214 1789 1281 1832 est
1311 1786 1436 1846 quod
1467 1800 1643 1834 rursus
1665 1790 1869 1835 moveri:
1899 1791 1981 1836 sed
2004 1803 2121 1837 sane
2152 1806 2328 1839 rursus

141 1865 429 1912 movendum
463 1867 531 1911 est
561 1865 687 1923 quod
717 1868 951 1912 remansit
981 1867 1034 1913 in
1065 1869 1218 1914 niente
1249 1868 1322 1914 vet
1354 1869 1479 1927 quod
1512 1870 1664 1916 tenuit
1691 1885 1824 1916 niens
1859 1868 1915 1931 (ἕ
1947 1870 2057 1930 44),
2089 1875 2143 1919 ut
2174 1872 2329 1920 denuo

141 1950 389 2006 appareat.
449 1946 610 2006 Quare
652 1961 803 2006 neque
846 1948 942 1994 init
983 1950 1169 2008 sufficit
1211 1948 1303 2008 (sic
1339 1949 1518 2009 Cenat)
1552 1977 1625 1982 ——
1655 1953 1753 1998 nisi
1795 1953 1916 2010 forte
1959 1952 2009 1999 in
2042 1951 2327 2018 mente<m>

140 2030 370 2088 corriqas‚
415 2029 500 2075 ubi
544 2032 702 2075 tanien
735 2029 865 2076 redit,
908 2033 1140 2089 exspectes
1177 2057 1238 2062 —
1275 2046 1426 2091 neque
1457 2028 1694 2095 <rursus>
1726 2035 1821 2079 init
1852 2036 2077 2093 quadrat,
2119 2037 2201 2083 sed
2247 2051 2322 2083 eo:-

143 2114 413 2170 spectamus
444 2110 624 2158 revivit
655 2111 728 2157 vet
761 2112 854 2159 tale
886 2112 1004 2171 quid
1036 2111 1119 2171 (cf.
1147 2113 1408 2175 cogitando
1442 2114 1599 2175 repeti
1631 2112 1665 2175 ἕ
1690 2115 1798 2174 44).
1827 2142 1894 2146 -
1933 2115 2150 2164 Ceterum
2175 2118 2325 2165 Lucr.

143 2193 248 2239 III
278 2194 419 2239 1040
454 2194 636 2251 confert
666 2192 986 2241 Reitzenstein
1023 2190 1368 2256 ‘Strassburqer
1391 2193 1697 2256 Festschrift'
1723 2213 1775 2255 p.
1807 2198 1924 2244 159.

295 2283 377 2343 74,
407 2284 487 2329 11.
534 2280 606 2340 Of.
644 2282 828 2330 Vahlen
863 2282 1035 2343 Opusc.
1068 2284 1173 2344 Ip.
1200 2285 1316 2331 351..
1342 2289 1384 2332 et
1413 2286 1483 2331 II
1508 2301 1554 2345 p.
1584 2288 1705 2333 416.

297 2365 380 2423 74,
410 2364 491 2411 13.
537 2362 610 2423 Cf.
643 2363 964 2413 Reitzenstein
986 2381 1039 2425 p.
1068 2367 1151 2414 36.

295 2447 377 2506 75,
405 2447 451 2492 4.
505 2446 660 2493 Verba
693 2461 821 2507 quae
853 2462 967 2507 pars
1002 2447 1181 2511 agendi
1214 2450 1287 2495 est
1321 2465 1349 2496 a
1381 2449 1587 2497 dicendo
1623 2465 1678 2497 ac
1712 2465 1746 2497 c.
1773 2466 1813 2511 q.
1839 2466 1875 2498 s.
1918 2452 2219 2511 offenderant
2250 2453 2329 2499 lto-

141 2529 295 2575 mines
326 2528 499 2583 doctos,
532 2529 649 2586 quia
679 2529 850 2588 incipit
879 2528 1093 2576 secunda
1124 2544 1239 2591 pars
1274 2530 1477 2594 agendi:
1516 2532 1575 2590 cf.
1607 2529 1642 2592 §⁴
1674 2533 1747 2579 42
1778 2535 1818 2579 et
1854 2534 1923 2580 77
1957 2526 2186 2599 (tertium
2218 2550 2327 2597 gra-

141 2609 260 2657 dum
285 2608 463 2673 agendi
490 2623 524 2656 e.
550 2625 590 2670 q.
616 2602 693 2675 s.).
745 2610 883 2658 Unde
907 2608 989 2670 Sp.
1015 2611 1220 2659 Emend.
1237 2627 1290 2671 p.
1313 2615 1378 2659 11
1397 2626 1465 2672 sq.
1493 2613 1651 2661 altera
1674 2614 1749 2661 vet
1773 2614 1985 2662 secunda,
2008 2631 2123 2676 pars
2149 2616 2329 2679 agendi

144 2730 152 2739 .
182 2731 190 2739 .
220 2730 228 2738 .
257 2707 312 2739 ac
348 2707 474 2752 quae
508 2693 622 2738 sunt
649 2706 683 2738 e.
711 2707 751 2751 q.
778 2706 814 2739 3.
851 2685 1002 2757 (quae
1034 2708 1150 2754 pars
1184 2693 1363 2756 agendi
1397 2696 1471 2742 est
1502 2695 1732 2755 secunda,
1762 2697 1815 2743 in
1841 2712 1939 2757 qua
1972 2697 2328 2758 explicabimus

144 2788 272 2835 quae
298 2775 414 2821 sunt
440 2787 475 2820 e.
502 2787 544 2832 q.
568 2787 606 2820 3.
632 2767 792 2838 Mue).
834 2772 903 2820 At
933 2788 1042 2821 cuni
1073 2774 1134 2821 ab
1166 2775 1269 2833 ipso
1302 2777 1528 2836 exempla
1558 2778 1613 2824 in
1644 2791 1735 2837 quo
1767 2778 1983 2837 faciendi
2013 2779 2210 2826 verbum
2242 2778 2329 2826 ad·

140 2856 361 2911 hibuerit,
392 2856 517 2903 hanc
538 2858 735 2916 partem
774 2856 1067 2904 incohaverit
1092 2856 1263 2912 Varro,
1295 2858 1485 2905 videtur
1507 2859 1671 2907 minus
1695 2859 1912 2907 distincte
1943 2861 2028 2908 hoc
2059 2861 2157 2908 loco
2183 2877 2330 2920 quarn

143 2940 286 2986 antea
318 2951 375 2984 ac
396 2940 567 2996 postea
598 2938 901 2997 siqnificasse
924 2940 1252 2997 partitionem.
1293 2939 1428 2987 Nam
1450 2943 1564 3000 post
1596 2957 1742 2989 narro
1769 2957 1803 2989 c.
1831 2956 1871 3000 q.
1896 2956 1932 2989 s.
1967 2942 2179 3001 quadrat
2201 2959 2327 3004 quae

143 3034 258 3081 pars
292 3020 366 3067 est
399 3018 592 3082 agendi,
630 3033 729 3067 non
761 3020 975 3079 quadrat
1005 3021 1131 3080 quod
1168 3020 1243 3068 illi
1274 3024 1592 3081 reposuerunt
1622 3015 1902 3088 (dicendum
1936 3027 2053 3072 esset
2081 3025 2209 3072 vetut
2238 3024 2325 3072 ubi

143 3102 367 3148 venimus
401 3099 464 3147 ad
497 3100 705 3149 alteram
736 3103 926 3163 partem
962 3094 1179 3168 agendi).

295 3190 378 3251 75,
405 3192 452 3239 8.
502 3190 643 3239 Nihil
686 3195 882 3251 eqerunt
910 3191 1164 3252 Spenqetii,
1212 3192 1385 3250 Canai,
1416 3193 1549 3242 Ellis
1580 3194 1608 3240 l.
1642 3208 1678 3241 3.
1712 3208 1748 3241 3.
1783 3209 1837 3254 p.
1871 3196 1980 3242 360
1995 3209 2063 3256 sq.
2126 3196 2327 3243 Videtur

141 3286 260 3321 same
279 3273 483 3332 yravius
505 3272 646 3320 ulcus
669 3273 843 3320 latere:
871 3287 990 3321 nam
1013 3274 1140 3333 quod
1162 3275 1377 3334 sequitur
1394 3274 1455 3322 ab
1479 3274 1572 3323 hoc
1595 3277 1820 3337 tempora,
1845 3277 1979 3338 quod
2011 3278 2133 3324 tum
2158 3291 2192 3324 e.
2213 3293 2254 3336 q.
2271 3292 2326 3334 s.,

141 3355 352 3402 conicias
374 3355 699 3414 praecessisse
730 3355 1107 3411 adnotationem,
1138 3356 1330 3415 quatem
1362 3371 1418 3405 ex
1452 3356 1671 3405 Cornelio
1702 3358 1930 3406 Labeone
1961 3358 2097 3417 apud
2127 3360 2325 3406 Macro-

143 3436 275 3484 biuan
307 3436 618 3484 eoehibuinius.

296 3525 378 3586 75,
407 3526 489 3572 11.
529 3523 613 3573 Ad
644 3525 837 3574 soleant
868 3527 926 3586 cf.
959 3527 1274 3586 Krumbieqel
1294 3542 1348 3587 p.
1379 3527 1461 3575 54.

297 3607 380 3668 75,
409 3608 491 3654 13.
550 3607 761 3656 Pessime
804 3610 847 3656 et
874 3607 956 3668 Sp.
1001 3611 1044 3655 et
1078 3598 1237 3656 Canai
1270 3612 1472 3669 propter
1513 3609 1625 3658 VII
1651 3611 1722 3658 36
1752 3606 1883 3674 (de)
1925 3608 2168 3671 poematis
2213 3625 2323 3657 cum

144 3687 355 3735 scribam
386 3689 472 3737 hoc
502 3689 600 3737 loco
632 3690 691 3737 de
732 3684 1046 3753 poe<ma>tis
1089 3689 1341 3748 inferendo
1372 3692 1720 3750 coqitaverunt,
1751 3706 1860 3739 cum
1889 3691 1951 3738 L.
1983 3690 2196 3739 Mueller
2225 3691 2325 3738 illic

135 3770 303 3829 potius
333 3764 630 3834 poe[ma]tis
661 3771 940 3819 corr-emerit:
970 3773 1113 3832 quasi
1141 3773 1204 3819 in
1224 3764 1358 3819 ‘libro
1392 3768 1468 3819 ‘de
1490 3768 1710 3832 poeticis'
1744 3772 1811 3820 ad
1838 3772 1966 3821 hunc
1996 3773 2176 3820 librum
2206 3774 2324 3821 scri-
