2600 4198
1040 154 1423 199 FRAGMENTA
2211 154 2317 207 237

410 290 639 343 sentitur
685 291 772 343 vel
824 290 1161 361 intellegitur
1207 291 1293 343 vel
1344 291 1492 343 latet.
1572 291 1784 362 signum
1835 294 1917 343 est
1971 291 2115 359 quod
2163 294 2216 344 et
2271 309 2325 343 se

410 380 587 448 ipsum
628 379 808 432 sensui
848 382 900 432 et
938 383 1150 447 praeter
1190 398 1246 432 se
1286 379 1492 448 aliquid
1531 380 1709 432 animo
1751 379 2000 431 ostendit.
2056 380 2206 448 loqui
2246 383 2327 432 est

409 467 696 521 articulata
745 485 875 520 voce
928 470 1143 538 signum
1196 469 1342 521 dare:
1399 469 1734 521 articulatam
1789 472 1969 521 autem
2021 468 2139 521 dico
2192 487 2327 536 quae

411 556 790 625 comprehendi
819 557 1016 610 litteris
1048 561 1242 626 potest.
1269 601 1278 610 .
1306 600 1316 609 .
1343 601 1352 609 .
1395 576 1551 610 omne
1575 558 1797 611 verbum
1824 560 2001 610 sonat:
2041 575 2160 610 cum
2186 558 2326 610 enim

97 666 116 699 5
410 648 491 697 est
537 645 593 697 in
641 646 857 714 scripto,
910 664 1021 698 non
1066 647 1304 713 verbum,
1360 647 1453 699 sed
1499 647 1649 699 verbi
1704 647 1917 716 signum
1973 650 2068 699 est.
2105 689 2112 698 .
2148 689 2158 698 .
2193 688 2203 698 .
2237 646 2326 698 sed

411 733 556 801 quod
595 737 763 802 sonat,
802 734 941 787 nihil
978 735 1048 786 ‘ad
1087 735 1442 788 dialecticam:
1485 736 1547 787 de
1589 754 1720 789 sono
1762 737 1903 787 enim
1944 736 2094 788 verbi
2133 736 2328 805 agitur,

409 840 528 874 cum
581 823 857 891 quaeritur
895 825 981 875 vel
1033 823 1477 876 animadvertitur
1516 825 1746 892 qualiter
1783 825 2050 876 vocalium
2090 826 2174 877 vel
2226 825 2328 876 dis-

411 911 680 979 positione
711 912 943 964 leniatur
967 912 1054 964 vel
1086 912 1436 965 concursione
1469 912 1723 980 dehiscat,
1756 912 1886 964 item
1920 913 2329 966 consonantium

408 1000 494 1050 vel
544 1000 955 1068 interpositione
1001 1001 1231 1053 nodetur
1268 1001 1354 1053 vel
1394 1001 1738 1071 congestione
1786 1005 2065 1071 asperetur
2105 1005 2156 1054 et
2197 1006 2329 1069 quot

75 1111 117 1143 ιο
409 1089 495 1140 vel
547 1090 794 1165 Qualibus
847 1089 1068 1158 syllabis
1109 1093 1334 1158 constet,
1384 1090 1479 1142 ubi
1529 1091 1771 1159 poeticus
1821 1090 2108 1159 rhythmus
2150 1109 2329 1143 accen-

408 1180 602 1245 tusque
643 1196 672 1228 a
713 1179 1079 1247 grammaticis
1122 1179 1358 1232 solarum
1398 1180 1608 1232 aurium
1649 1183 1950 1233 tractantur
1980 1180 2213 1251 negotia.
2277 1183 2329 1232 et

408 1269 588 1318 tamen
640 1285 760 1319 cum
811 1268 874 1320 de
924 1267 1010 1319 his
1063 1268 1383 1337 disputatur,
1433 1272 1644 1338 praeter
1684 1270 2017 1322 dialecticam
2067 1288 2175 1322 non
2229 1273 2329 1321 est:

407 1355 539 1407 haec
578 1357 720 1408 enim
761 1357 985 1410 scientia
1018 1358 1328 1426 disputandi
1362 1361 1455 1411 est.
1513 1359 1606 1410 sed
1638 1376 1758 1411 cum
1792 1358 1954 1411 verba
1990 1358 2098 1410 sint
2136 1377 2329 1426 rerum,

411 1444 623 1512 quando
658 1445 728 1498 de
767 1446 901 1514 ipsis
944 1447 1203 1515 obtinent,
1243 1446 1528 1499 verborum
1569 1451 1747 1500 autem
1788 1449 1881 1500 illa
1914 1448 2108 1516 quibus
2142 1449 2205 1500 de
2243 1447 2330 1499 his

78 1555 117 1587 15
412 1534 718 1603 disputatur
771 1533 916 1606 (nam
957 1554 1078 1588 cum
1120 1536 1183 1588 de
1222 1536 1399 1589 verbis
1439 1537 1590 1605 loqui
1642 1538 1748 1589 nisi
1786 1537 1963 1590 verbis
2003 1555 2330 1606 nequeamus

409 1627 462 1675 et
502 1642 621 1676 cum
658 1623 933 1692 loquimur
971 1643 1082 1677 non
1119 1626 1226 1678 nisi
1266 1625 1329 1677 de
1369 1626 1641 1694 aliquibus
1681 1626 1841 1678 rebus
1881 1624 2204 1696 loquimur),
2247 1644 2330 1678 oc-

409 1713 578 1764 currit
617 1714 796 1766 animo
837 1713 914 1765 ita
954 1732 1069 1766 esse
1100 1714 1263 1766 verba
1303 1716 1458 1784 signa
1497 1733 1690 1785 rerum,
1729 1718 1789 1766 ut
1826 1734 1910 1767 res
1951 1734 2066 1767 esse
2105 1734 2214 1767 non
2248 1715 2332 1767 de-

410 1802 602 1854 sinant.
659 1820 779 1854 cum
813 1821 940 1872 ergo
973 1803 1195 1855 verbum
1230 1822 1319 1856 ore
1359 1804 1616 1872 procedit,
1658 1804 1703 1857 si
1734 1808 1955 1873 propter
1988 1823 2043 1856 se
2074 1804 2332 1873 procedit,

408 1890 463 1942 id
503 1893 584 1943 est
622 1895 684 1943 ut
724 1892 787 1943 de
826 1893 945 1960 ipso
980 1893 1142 1945 verbo
1183 1893 1388 1961 aliquid
1430 1896 1717 1962 quaeratur
1757 1897 1848 1945 aut
1891 1894 2209 1962 disputetur,
2248 1911 2331 1945 res

75 2002 118 2034 20
411 1983 492 2032 est
541 1981 728 2049 utique
779 1981 1133 2050 disputationi
1175 1982 1582 2050 quaestionique
1635 1983 1887 2051 subiecta,
1940 1982 2033 2034 sed
2083 1983 2199 2050 ipsa
2248 2000 2331 2034 res

408 2069 630 2122 verbum
678 2074 910 2123 vocatur.
997 2072 1254 2141 quicquid
1308 2076 1485 2125 autem
1543 2091 1609 2124 ex
1655 2072 1818 2124 verbo
1868 2090 1976 2124 non
2032 2072 2191 2137 auriS,
2241 2071 2333 2122 sed

410 2159 620 2212 animus
654 2160 817 2212 sentit
850 2163 903 2211 et
934 2161 1052 2228 ipso
1087 2162 1267 2213 animo
1301 2164 1514 2213 tenetur
1547 2161 1830 2229 inclusum,
1858 2160 2073 2213 dicibile
2098 2163 2332 2212 vocatur.

410 2266 531 2300 cum
570 2266 695 2300 vero
735 2249 960 2301 verbum
999 2250 1240 2318 procedit
1279 2268 1389 2302 non
1427 2254 1647 2319 propter
1686 2268 1756 2318 se,
1797 2249 1889 2302 sed
1928 2252 2148 2318 propter
2187 2250 2334 2301 aliud

410 2336 614 2405 aliquid
646 2337 1075 2408 significandum,
1107 2338 1271 2392 dictio
1304 2343 1547 2408 vocatur,
1579 2357 1664 2391 res
1697 2342 1875 2392 autem
1909 2339 2026 2408 ipsa
2058 2357 2192 2407 quae
2226 2338 2333 2389 iam

75 2449 117 2481 25
409 2425 632 2478 verbum
671 2445 780 2479 non
821 2430 902 2479 est
939 2446 1112 2496 neque
1148 2427 1298 2481 verbi
1337 2429 1394 2480 in
1433 2431 1610 2480 mente
1651 2428 1947 2497 conceptiO,
1988 2428 2098 2480 sive
2137 2427 2333 2479 habeat

409 2515 632 2568 verbum
684 2534 788 2584 quo
846 2517 1138 2586 significari
1192 2518 1365 2586 possit
1420 2518 1532 2569 sive
1578 2535 1689 2569 non
1735 2517 1945 2585 habeat,
2000 2516 2139 2570 nihil
2188 2516 2333 2569 aliud

413 2622 573 2672 quam
614 2623 697 2657 res
737 2609 959 2658 vocatur
996 2607 1218 2675 proprio
1271 2608 1376 2660 iam
1422 2608 1652 2659 nomine.
1731 2606 1861 2658 haec
1909 2624 2037 2675 ergo
2078 2608 2334 2673 quattuor

411 2692 667 2745 distincta
682 2697 986 2747 teneantur:
1004 2696 1228 2748 uerbum
1248 2696 1460 2755 dicibile
1479 2695 1642 2748 dictio
1662 2714 1761 2748 reS.
1803 2695 1948 2764 quod
1965 2695 2076 2746 dixi
2094 2694 2333 2761 verbum,

412 2784 464 2832 et
504 2782 727 2835 verbum
769 2786 849 2835 est
897 2787 950 2835 et
996 2785 1218 2837 verbum
1266 2785 1558 2855 significat3
1607 2785 1750 2853 quod
1791 2785 1899 2837 dixi
1941 2784 2178 2853 dicibile,
2219 2802 2334 2836 ver-

75 2894 118 2927 so
410 2870 538 2923 bum
581 2875 662 2924 est
692 2889 791 2924 nec
823 2875 1005 2925 tamen
1036 2873 1275 2942 verbum,
1316 2874 1408 2926 sed
1442 2874 1586 2942 quod
1624 2873 1681 2925 in
1713 2874 1875 2926 verbo
1916 2873 2250 2943 intellegitur
2281 2876 2334 2924 et

410 2961 589 3013 animo
632 2963 938 3015 continetur
972 2963 1262 3032 significat,
1304 2963 1448 3031 quod
1488 2963 1599 3015 dixi
1641 2962 1946 3030 dictionem,
1979 2962 2203 3014 verbum
2237 2965 2332 3029 est,

413 3050 505 3102 sed
539 3050 682 3119 quod
714 3052 821 3103 iam
854 3051 948 3104 illa
980 3051 1085 3104 duo
1119 3052 1296 3119 simul,
1336 3053 1392 3104 id
1432 3055 1512 3105 est
1545 3055 1597 3104 et
1638 3052 1816 3121 ipsum
1846 3051 2069 3103 verbum
2104 3054 2156 3103 et
2189 3050 2334 3119 quod

411 3139 474 3191 fit
521 3139 578 3190 in
617 3141 795 3193 animo
841 3158 937 3209 per
975 3141 1198 3194 verbum
1245 3142 1535 3212 significat3
1585 3141 1729 3209 quod
1777 3141 1888 3193 dixi
1935 3159 2070 3208 rem,
2110 3140 2333 3193 verbum

414 3230 509 3295 est,
561 3228 705 3297 quod
753 3232 966 3298 praeter
1016 3230 1110 3282 illa
1160 3230 1265 3283 tria
1315 3249 1451 3299 quae
1503 3230 1647 3283 dicta
1698 3233 1824 3282 sunt
1865 3229 2120 3298 quicquid
2167 3232 2336 3281 restat

79 3338 123 3371 35
417 3315 698 3386 significat.
726 3359 736 3369 .
763 3360 809 3370 ..
873 3318 1036 3371 verba
1085 3318 1203 3388 ipsa
1255 3319 1520 3388 quispiam
1572 3338 1637 3372 ex
1688 3337 1749 3371 eo
1801 3322 1956 3388 putat
2009 3318 2151 3372 dicta
2193 3318 2336 3386 quod

415 3423 597 3458 aurem
638 3406 792 3474 quasi
830 3407 1131 3460 verberent:
1172 3409 1356 3477 imm0,
1395 3409 1572 3476 inquit
1613 3407 1765 3477 alius,
1806 3408 1950 3476 quod
1990 3425 2178 3459 aerem.
2244 3405 2337 3458 sed

297 3541 353 3580 36
368 3550 431 3592 sq.
468 3536 536 3591 Of.
562 3538 810 3595 Auyustin.
843 3538 897 3582 de
935 3541 1151 3596 mayistro
1185 3540 1230 3600 V
1251 3543 1307 3583 12
1346 3538 1554 3596 (verbum
1594 3539 1752 3582 autem
1784 3538 1995 3594 quamvis
2029 3551 2056 3580 a
2087 3536 2335 3581 verberatu

298 3658 322 3698 '7
340 3669 403 3711 sq.
437 3657 634 3711 quanta:
668 3669 770 3700 corr
793 3656 959 3702 Vsener
985 3659 991 3714 Ι
1019 3657 1328 3714 dispositione
1359 3658 1427 3702 vel
1458 3657 1780 3712 disputatione
1812 3657 1825 3713 ss
1860 3660 1884 3699 9
1918 3655 2044 3711 quod
2075 3656 2143 3699 vel
2174 3656 2289 3710 quot
2322 3655 2335 3711 ΙΙ

148 3718 206 3818 ἐξ
221 3727 302 3831 egil
305 3728 430 3818 3123}
453 3714 798 3830 ‚qhblloquimur
826 3717 914 3761 secl
937 3716 1103 3761 Vsener
1133 3718 1146 3774 ΙΙ
1179 3722 1233 3760 21
1261 3730 1396 3760 aures
1419 3717 1488 3761 vel
1512 3715 1637 3759 auris
1669 3717 1683 3773 ΙΙ
1715 3720 1772 3758 24
1805 3714 1987 3770 aliquid
2011 3716 2078 3759 vel
2103 3713 2295 3770 aliquod
2320 3715 2333 3770 ΙΙ
