2600 4198
248 168 355 222 246
1098 166 1573 212 ADNOTATIONES

254 322 456 365 causae,
495 309 581 356 sed
611 311 876 369 quaternae
915 310 959 355 et
995 307 1069 355 bis
1107 308 1262 355 binae.
1325 306 1649 370 productione
1682 308 1759 357 del
1790 310 1933 357 etiam
1974 309 2154 358 Vsener
2186 306 2306 358 ‘Ein
2339 315 2441 359 ant.

254 390 485 450 Lehryeb.
518 391 604 437 der
633 383 912 448 Philoloyie'
942 384 1281 447 ‘Sitzunysber
1314 389 1401 437 der
1431 389 1566 450 bayr.
1590 385 1699 437 Ac?
1732 405 1778 438 a.
1815 391 1957 438 1893
1980 406 2034 451 p.
2064 391 2184 440 625.
2233 392 2287 439 V.
2311 393 2438 440 inte-r

247 472 352 519 alia
385 471 544 532 Quint.
572 471 608 517 I
631 473 676 530 6,
694 471 767 518 32
798 472 842 518 et
870 470 931 528 ef.
964 469 1066 516 Leo
1098 470 1268 518 Herm.
1295 470 1491 518 XXIV
1505 485 1559 530 p.
1584 472 1694 519 289
1725 472 1840 519 adn.
1868 471 1914 520 5.

393 560 441 620 5,
467 560 551 606 26.
600 557 922 607 cretifodinae
959 558 1097 606 Purn
1138 552 1250 624 (‘an
1292 558 1661 607 eretofodinae?
1680 554 1695 577 '
1733 560 1870 607 Thes.
1903 561 1932 608 I.
1966 554 2042 626 L),
2087 561 2435 610 arenofodinae

252 639 366 688 Scal
398 633 593 706 (arenis.
618 633 779 706 Mue).

400 730 446 790 5,
466 730 550 777 30.
591 729 668 778 De
700 729 881 792 gradus
916 729 1114 777 delendo
1145 744 1206 776 ne
1237 730 1408 790 coyites
1432 744 1541 777 cum
1563 729 1668 789 Sp..
1702 730 1829 789 quod
1860 731 2013 778 tribus
2039 732 2264 791 exemplis
2287 733 2433 780 inter-

235 812 421 870 positis
451 813 533 859 vioe
564 813 716 859 omitti
739 812 913 871 potuit.
958 809 1033 871 Of.
1071 810 1116 867 5,
1140 812 1226 858 26.

397 901 444 961 6,
472 904 498 949 1
537 900 797 949 eseendens
831 904 873 949 et
902 901 979 948 hic
1010 904 1052 948 et
1086 900 1133 960 5,
1161 902 1227 947 27
1253 899 1425 960 Sciop;
1457 903 1624 948 eontra
1657 899 1856 948 ascend-
1890 903 2090 960 utroque
2120 901 2220 948 loco
2250 899 2435 961 A.Sp..·

251 985 304 1029 at
327 983 387 1041 cf.
408 984 455 1046 6,
469 983 614 1037 5—7,
639 983 767 1030 unde
790 984 1023 1029 memoria
1048 985 1090 1030 et
1113 982 1380 1042 explicatur
1400 986 1441 1030 et
1465 985 1701 1029 servatur.
1743 982 1952 1042 antiqua
1970 982 2016 1041 5,
2033 983 2099 1029 27
2118 984 2435 1030 sanissimum

246 1065 336 1109 est:
367 1064 427 1122 cf.
452 1064 772 1113 Reitzenstein
807 1058 995 1110 ‘Gesch
1028 1064 1074 1110 d.
1110 1078 1185 1124 yr.
1209 1059 1568 1123 Etymoloyiha'
1594 1079 1647 1123 p.
1671 1063 1776 1111 185
1814 1067 1855 1111 ct
1887 1058 2073 1111 eVarro
2104 1079 2152 1111 u.
2184 1063 2437 1112 Johannes

257 1141 556 1204 Mauropus’
577 1161 631 1205 p.
667 1147 751 1201 84,
780 1148 825 1191 1.

396 1235 442 1294 6,
470 1235 516 1281 3.
566 1234 723 1282 Varro
756 1234 869 1281 dicit
900 1248 950 1281 se
980 1235 1034 1281 in
1067 1234 1350 1293 etymoloyia
1384 1234 1641 1281 tractanda
1672 1234 1936 1281 secundum
1957 1234 2172 1294 yradum
2196 1237 2433 1293 praeteri·

252 1318 430 1371 turum,
468 1317 659 1363 tertium
699 1315 1042 1362 adsecuturum
1083 1329 1195 1370 esse,
1234 1330 1343 1363 eum
1373 1329 1471 1362 non
1502 1315 1658 1362 solum
1689 1316 1754 1363 ad
1784 1312 2132 1374 Aristophanis
2171 1316 2434 1372 lucernam,

252 1397 337 1444 sed
369 1398 511 1444 etiam
545 1397 611 1444 ad
645 1396 890 1445 Cleanthis
933 1396 1282 1444 lucubraverit:
1321 1397 1366 1442 h.
1400 1410 1436 1443 e.
1467 1411 1565 1444 non
1603 1396 1743 1443 modo
1774 1398 2026 1456 antiquam
2063 1399 2435 1457 grammaticam

245 1480 539 1537 pernoverit,
580 1479 665 1526 sed
696 1480 839 1525 etiam
871 1477 938 1525 ad
960 1477 1323 1537 philosophiam
1353 1476 1621 1526 Stoicorum
1653 1479 1927 1525 accesserit:
1969 1480 2197 1536 quartum
2224 1479 2435 1538 yradum

255 1560 544 1621 adipiscitur
585 1561 668 1619 qui
708 1574 806 1607 non
847 1558 988 1607 modo
1028 1560 1425 1619 yrammaticam,
1469 1560 1553 1607 sed
1597 1561 1740 1608 etiam
1772 1559 2133 1619 philosophiam
2165 1562 2436 1618 praeteriit,

237 1645 354 1702 post
381 1657 431 1690 se
468 1642 676 1702 reliquit,
706 1642 751 1689 h.
785 1656 821 1690 e.
856 1643 1057 1702 penitus
1098 1643 1245 1689 novit.
1297 1642 1363 1688 In
1395 1644 1566 1702 quarto
1597 1643 1750 1701 iyitur
1780 1643 2004 1688 versatur
2030 1641 2209 1702 yradu,
2253 1642 2330 1688 cui
2369 1642 2436 1690 ad

246 1726 619 1784 yrammaticam-
653 1723 988 1783 philosophiae
1019 1725 1174 1771 virtus
1208 1725 1406 1783 penitus
1437 1723 1655 1771 accessit:
1697 1724 1741 1770 is
1786 1723 1978 1769 demum
2008 1724 2151 1781 quasi
2194 1725 2435 1783 mysteriis

242 1806 515 1853 admittitur
563 1809 605 1852 et
643 1808 837 1866 spectat.
872 1831 940 1837 ——
976 1804 1112 1865 Quod
1154 1805 1475 1854 Reitzenstein
1509 1801 1696 1852 ‘Gesclu
1738 1803 1784 1851 d.
1813 1819 1887 1865 yr.
1920 1799 2100 1865 Etym.’
2139 1806 2246 1852 186
2288 1804 2435 1853 initia

247 1901 346 1935 esse
387 1888 628 1935 existimat
669 1884 840 1951 ἀρχάς,
871 1886 915 1933 h.
950 1900 984 1933 e.
1018 1886 1207 1934 radices
1237 1887 1610 1947 monosyllabas,
1644 1890 1685 1934 et
1716 1889 1826 1934 ante
1856 1886 1988 1949 regis
2021 1886 2211 1945 supplet
2242 1902 2348 1942 reX‚
2380 1890 2436 1933 ut

234 1970 437 2029 propter
468 1983 523 2016 ea
555 1983 678 2028 quae
709 1971 937 2016 secuntur
974 1969 1096 2028 ferri
1129 1982 1275 2028 posse
1305 1983 1540 2029 negamus
1569 1970 1639 2016 ita
1662 1970 1864 2027 propter
1896 1967 2104 2028 adytum
2135 1968 2263 2027 quod
2283 1982 2432 2026 prae-

246 2051 390 2099 cedit:
418 2052 548 2098 unde
579 2052 727 2098 initia
740 2051 908 2111 potius
930 2050 1169 2112 mysteria
1192 2052 1582 2110 interpretamur,
1607 2053 1661 2098 ut
1679 2050 2055 2110 yrammaticum
2074 2050 2432 2108 philosophum-

249 2146 340 2192 que
371 2134 575 2193 excipiat
603 2134 940 2192 mysteriorum
969 2135 1229 2191 spectator:
1259 2133 1335 2179 cui
1360 2132 1741 2191 interpretationi
1763 2145 1823 2178 ne
1845 2130 2085 2178 Skutschii
2109 2131 2299 2189 quidem
2323 2144 2431 2178 con-

241 2216 425 2262 iectura
456 2215 698 2275 satisfacit
727 2215 811 2275 qui
834 2213 1050 2260 Hermae
1080 2214 1169 2260 vol.
1197 2213 1428 2260 XXXII
1447 2228 1497 2272 p.
1526 2215 1594 2260 96
1617 2207 2015 2277 re<li>g<ion>is
2050 2204 2116 2277 (et
2145 2212 2432 2274 perveniam

241 2290 472 2362 seientia)
496 2296 766 2356 proposuit,
798 2310 906 2342 cum
930 2295 1054 2342 illud
1077 2295 1333 2358 religionis
1359 2296 1612 2343 abundare
1642 2295 1891 2342 videatur:
1922 2294 2001 2340 cui
2033 2295 2329 2341 coniecturae
2359 2292 2432 2341 vel

242 2379 416 2426 cedunt
442 2379 652 2426 aliorum
684 2377 997 2437 temptamina
1023 2369 1212 2442 (rerum
1235 2377 1309 2425 vel
1335 2375 1523 2424 Cereris
1552 2375 1737 2433 Ganal:
1770 2377 1828 2435 cf.
1856 2375 1982 2422 Boot
2004 2376 2243 2422 Mnemos.
2264 2375 2439 2422 XXII

234 2476 287 2520 p.
324 2461 445 2516 409,
475 2460 768 2508 Lachmann
806 2460 862 2506 in
902 2473 972 2517 ep.
1005 2459 1070 2506 ad
1101 2458 1394 2506 Lobechium
1424 2474 1477 2518 p.
1511 2458 1621 2505 250
1654 2458 1723 2505 ed.
1756 2457 1949 2513 Ludw„
1980 2455 2043 2503 A.
2062 2455 2143 2516 Sp.
2185 2458 2239 2503 in
2277 2450 2430 2523 adn).

241 2541 474 2590 Fortasse
503 2542 758 2590 delendum
790 2542 858 2588 est
895 2541 1027 2603 regis
1061 2542 1294 2601 tanquam
1326 2554 1588 2600 perperam
1627 2539 1819 2587 illatum
1859 2553 1914 2586 ex
1945 2535 1980 2600 5
2015 2540 2047 2585 9
2072 2538 2132 2585 ab
2166 2552 2216 2586 eo
2248 2538 2331 2598 qui
2363 2538 2429 2585 ad

241 2625 390 2671 initia
417 2624 688 2685 yenetivum
718 2624 993 2683 requireret.
1035 2622 1196 2670 Voluit
1228 2623 1311 2681 qui
1341 2623 1536 2681 scripsit
1567 2616 1714 2684 ‘regis
1747 2615 1951 2667 Latini'.

390 2716 437 2773 6,
464 2713 509 2760 5.
550 2712 670 2760 fecit
700 2727 759 2760 ne
792 2726 900 2759 cum
930 2711 984 2759 F
1012 2710 1078 2771 (et
1111 2710 1333 2771 Grothio)
1365 2712 1651 2765 scribamus,
1687 2713 1730 2757 ct
1759 2711 2073 2773 aegrotamus
2106 2708 2356 2756 dissuadet
2387 2711 2431 2755 et

242 2810 626 2856 nonnumquam.

392 2884 439 2943 6,
466 2885 511 2931 9.
552 2883 629 2930 De
660 2878 987 2946 <deli>quare
1018 2884 1117 2942 fuit
1145 2883 1228 2942 qui
1260 2884 1498 2943 coyitaret.

390 2966 437 3024 6,
466 2965 547 3012 16.
587 2964 774 3026 partim
805 2964 1143 3023 explicandum
1176 2978 1232 3011 ατ
1257 2962 1412 3011 Gellio
1439 2963 1493 3010 X
1517 2964 1586 3010 13
1617 2962 1823 3021 aliisque
1854 2962 1993 3009 locis:
2024 2975 2116 3021 quo
2146 2961 2427 3020 refutantur

242 3047 474 3095 Muelleri
507 3045 712 3094 Canalis
743 3046 954 3094 aliorum
986 3046 1263 3092 commenta.
1303 3044 1504 3092 Litteris
1534 3058 1644 3091 vero
1675 3057 1773 3090 non
1803 3044 2047 3102 satisfacit
2076 3042 2196 3104 quid
2226 3043 2425 3090 invene-

244 3130 340 3175 rim
373 3130 459 3175 aut
491 3129 663 3189 opiner
693 3126 756 3176 A.
773 3126 855 3187 Sp.

395 3210 441 3271 6,
470 3211 554 3257 21.
603 3209 733 3256 diem
765 3211 816 3257 et
848 3210 1044 3256 noctem
1075 3210 1277 3268 propter
1307 3208 1420 3255 libri
1450 3208 1734 3255 memoriam
1756 3207 2014 3265 posuimus
2025 3222 2043 3264 ,·
2071 3221 2190 3254 nam
2222 3209 2265 3254 et
2294 3205 2425 3254 diem

240 3294 292 3338 et
321 3293 517 3339 noctem
549 3294 591 3339 et
620 3292 814 3338 noctem
847 3293 896 3337 et
928 3289 1060 3337 diem
1084 3290 1180 3337 dici
1202 3290 1420 3350 potuisse
1450 3303 1558 3336 cum
1580 3301 1674 3349 per
1703 3301 1754 3335 se
1774 3287 2031 3347 probabile
2062 3291 2163 3335 tum
2194 3302 2250 3335 ex
2274 3301 2422 3335 exem·

234 3374 338 3434 plis
381 3372 685 3433 intelleyituff,
731 3386 854 3432 quae
902 3371 1055 3419 aliam
1101 3371 1158 3419 ob
1204 3385 1307 3419 rem
1341 3368 1392 3419 G'.
1411 3370 1470 3418 F.
1495 3370 1570 3419 W.
1589 3370 1800 3418 Mueller
1842 3365 2048 3430 ‘Syntax
2087 3370 2170 3417 des
2200 3369 2343 3417 Nom.
2374 3384 2422 3416 u.

241 3450 437 3502 Aecus?
463 3470 516 3514 p.
551 3456 654 3502 104
669 3468 767 3514 sqq.
801 3452 1075 3512 composuit.

393 3537 438 3598 6,
467 3536 550 3583 25.
590 3536 708 3583 item
733 3549 830 3595 pro
860 3534 973 3582 ideo
1009 3532 1183 3590 Canal,
1213 3531 1360 3581 initia
1392 3533 1495 3581 Wi:
1525 3534 1610 3582 ubi
1640 3532 1751 3581 ideo
1783 3532 2089 3581 abundanter
2119 3532 2300 3580 dictwm
2329 3531 2421 3580 sol-

243 3617 430 3666 licitare
458 3631 557 3665 non
588 3617 838 3665 audemus.

393 3701 439 3759 7,
468 3703 512 3746 1.
563 3699 743 3747 horum
785 3698 887 3746 iam
929 3697 989 3745 de
1030 3695 1160 3745 binis
1198 3697 1322 3744 Mue
1365 3693 1448 3762 (de
1491 3694 1619 3759 bigis
1661 3688 1858 3760 Canal).
1929 3694 2216 3742 enumeravi
2264 3692 2420 3755 deque

239 3780 362 3828 loeis
390 3779 554 3829 Groth.
581 3806 651 3813 —
682 3780 760 3828 his
786 3817 796 3827 .
822 3817 833 3828 .
861 3817 870 3827 .
897 3794 1022 3841 quae
1047 3791 1144 3826 non
1167 3777 1473 3826 sollicitanda
1505 3790 1604 3825 esse
1634 3776 1925 3835 confirmant
1954 3789 2012 3823 ea
2041 3788 2166 3834 quae
2188 3774 2422 3834 Plasbery

2535 0 2600 338 ἲ
