2600 4198
1019 130 1493 176 ADNOTATIONES
2240 130 2311 182 29
2318 129 2348 183 7

166 278 223 326 in
254 276 372 325 adn.
394 275 718 337 probantibus
760 274 1085 323 Wlmannsio
1118 275 1161 321 et
1190 272 1482 321 Fwnaiolio:
1511 274 1564 320 at
1592 272 1774 334 putant
1804 284 1902 318 non
1933 272 2003 318 est
2031 285 2117 318 cur
2147 273 2358 318 mutetur

169 353 255 424 (cf.
287 359 412 414 200,
440 359 533 406 12:
576 356 780 418 quidam
822 355 938 403 here
969 356 1153 417 putant
1185 354 1284 402 dici
1315 353 1489 401 debere
1523 355 1566 400 et
1595 354 1719 408 202,
1749 354 1843 400 19:
1885 351 2145 414 integriter
2174 351 2355 399 vitiose

169 441 355 502 putant
386 431 521 504 dici).
568 437 653 485 Ex
687 451 737 484 eo
770 437 896 497 quod
926 436 1128 485 additur
1157 451 1247 483 nec
1278 451 1378 482 non
1409 436 1459 483 et
1489 434 1567 482 illi
1599 435 1687 496 qui
1719 433 1779 482 de
1811 433 2102 481 differentiis
2135 432 2357 481 scribunt

172 523 380 581 apparet
408 520 734 581 differentiam
765 518 894 566 sumi
923 520 1049 566 inter
1071 519 1246 565 mutuo
1272 520 1316 564 et
1343 519 1517 564 mutue
1528 533 1546 575 ,·
1577 517 1715 564 cuius
1740 517 2042 577 differentiae
2063 516 2209 575 prior
2229 529 2357 575 pars

170 617 280 650 cum
310 603 364 649 in
394 601 552 649 verbis
583 602 823 660 corruptis
865 599 918 646 in
951 600 1241 663 cognomine
1274 600 1347 646 est
1380 598 1548 654 lateat,
1578 612 1639 645 ne
1669 598 1785 645 haec
1816 597 2008 658 quidem
2040 597 2359 656 confidentius

179 683 394 732 Varroni
438 682 588 730 tribui
623 697 769 742 posse
814 681 1054 736 videntur,
1092 679 1177 727 sed
1214 681 1420 740 fortasse
1458 683 1573 727 sunt
1605 681 1916 739 yrammatici
1963 680 2047 739 qui
2089 679 2357 726 Varronem

171 767 333 813 testem
373 765 578 813 adhibet.
639 763 776 825 Quod
813 763 930 811 Keil
968 775 1065 822 pro
1114 762 1168 808 in
1207 762 1497 823 cognomine
1544 761 1709 808 scribit
1755 761 1808 807 in
1849 759 2200 809 consuetudine
2245 761 2358 808 item

171 846 516 907 recipientibus
558 846 884 894 Wilmannsio
917 847 960 891 et
988 843 1268 897 FunaioZiO,
1301 856 1470 889 verum
1502 856 1601 890 esse
1630 857 1864 903 neyamus
1894 856 2002 889 cum
2023 845 2224 902 propter
2252 855 2360 889 sen-

176 929 438 976 tentiarum
466 941 644 975 nexum
676 930 777 974 tum
799 928 1003 986 propter
1029 923 1139 972 GL.
1163 924 1203 970 I
1223 924 1344 980 199,
1368 925 1441 972 24
1467 917 1616 989 (falso
1650 963 1659 971 .
1695 960 1705 970 .
1741 962 1749 971 .
1783 923 1825 971 si
1858 923 2152 971 subauditur
2174 922 2357 970 iudicio

172 1025 350 1059 nomen
383 1002 481 1075 est)
526 1012 568 1056 et
597 1010 722 1065 216,
744 1009 818 1063 28
864 1000 1069 1073 (recens.
1122 1005 1283 1068 Asper
1315 1006 1670 1053 commentario
1706 1003 1938 1052 Sallustii
1977 1004 2302 1052 historiarum
2333 1003 2359 1050 I

171 1107 302 1139 nunc
337 1089 627 1139 adverbium
666 1104 796 1137 nunc
827 1103 1005 1136 nomen
1043 1088 1096 1135 id
1127 1102 1230 1135 esse
1264 1080 1406 1152 dicit)
1441 1088 1657 1148 aliosque
1701 1087 1825 1135 locos
1858 1085 1940 1146 (cf.
1976 1087 2119 1133 etiam
2161 1089 2259 1133 test.
2293 1086 2359 1133 ad

171 1174 298 1229 206,
324 1170 394 1232 1).
452 1171 588 1220 Vnde
617 1172 703 1219 hoc
734 1172 832 1219 loco
863 1172 1072 1231 coyitare
1100 1170 1266 1230 possis
1297 1169 1355 1216 de
1394 1170 1628 1217 eiusmodi
1666 1170 1909 1229 scriptura
1942 1162 2003 1215 Ξῖὅ
2035 1163 2360 1232 <adverbium

169 1249 266 1317 isc)
297 1269 477 1301 nomen
509 1255 584 1301 est
627 1253 700 1300 vel
744 1252 785 1300 si
830 1251 963 1314 quod
1002 1267 1180 1299 nomen
1214 1250 1351 1298 deest
1391 1251 1466 1298 vel
1498 1252 1540 1298 si
1573 1247 1882 1315 cog<itatum
1917 1250 2113 1313 argenti
2142 1250 2224 1297 vel
2254 1248 2360 1297 vini

170 1336 249 1383 vel
293 1335 470 1383 similis
513 1330 621 1398 rei>
664 1350 841 1382 nomen
886 1336 961 1382 est
1006 1330 1086 1395 [cf'.
1131 1334 1234 1392 diff.
1270 1348 1323 1392 p.
1360 1334 1444 1389 46,
1470 1332 1542 1379 35
1573 1332 1717 1381 Beck.
1764 1335 1807 1379 et
1839 1331 1947 1379 GL.
1984 1331 2098 1379 VII
2126 1333 2247 1387 124,
2275 1330 2358 1378 15.

170 1418 295 1473 266,
316 1411 386 1481 9].
437 1416 745 1477 Quamquam
777 1417 948 1476 neqari
978 1417 1145 1475 nequit
1175 1414 1409 1463 eiusmodi
1438 1416 1724 1462 sententiam
1757 1416 1900 1461 etiam
1926 1428 1981 1461 ex
2010 1415 2114 1473 ipso
2141 1413 2362 1461 Varrone

172 1499 504 1558 depromptam
547 1498 935 1558 differentiarum
976 1499 1256 1557 scriptorem
1300 1497 1583 1556 coniunyere
1618 1498 1836 1556 potuisse
1879 1511 1986 1544 cum
2026 1495 2237 1543 aliorum
2275 1493 2361 1542 ad-

171 1582 414 1628 notatione
437 1580 495 1628 de
518 1581 692 1627 mutue
720 1579 869 1640 (quod
897 1578 1060 1628 Cicero
1085 1579 1306 1626 adhibuit
1328 1579 1381 1626 in
1407 1577 1662 1637 epistulis),
1685 1579 1978 1637 pracsertim
2009 1591 2117 1624 cum
2146 1577 2232 1623 hoc
2261 1577 2362 1624 loco

171 1664 522 1723 yrammaticus
554 1663 683 1710 dicat
712 1663 884 1709 mutuo
915 1662 984 1708 ut
1014 1660 1175 1708 Varro
1210 1659 1268 1707 de
1301 1675 1336 1708 s.
1370 1660 1401 1706 1.
1434 1660 1481 1706 V
1512 1659 1810 1720 loquitur,
1851 1663 1995 1707 antea
2033 1659 2118 1705 ubi
2155 1658 2227 1705 nil
2264 1659 2363 1705 nisi

174 1745 335 1803 forma
367 1746 476 1804 ipsa
506 1745 738 1805 repetitur
770 1743 902 1791 domi
933 1757 1050 1790 suae
1081 1742 1254 1790 Varro.

326 1833 448 1894 206,
477 1834 521 1880 9.
567 1831 641 1892 Cf.
678 1832 1005 1891 WVestphalius
1039 1827 1224 1879 ‘Metrf
1260 1824 1322 1877 12
1344 1846 1399 1890 p.
1428 1832 1559 1879 172:
1590 1832 1731 1878 cuius
1764 1833 2077 1878 commentum
2107 1830 2300 1877 iteravit
2332 1844 2362 1875 a

174 1915 338 1974 Ieepio
368 1916 579 1962 monitus
617 1913 836 1975 Cybutla‚
868 1914 925 1960 de
958 1914 1133 1972 Rufini
1163 1910 1500 1961 Antiochensis
1531 1913 1887 1961 commentariis
1918 1912 2105 1972 Reyim.
2138 1926 2184 1958 a.
2220 1911 2364 1958 1907

165 2011 221 2057 p.
258 1998 326 2043 47
343 2010 440 2055 39.,·
471 1998 530 2056 cf.
566 1998 711 2043 etiam
742 1996 844 2042 Leo
875 1995 1045 2043 Herm.
1081 1995 1276 2041 XXIV
1292 2009 1347 2054 p.
1379 1995 1488 2042 280
1506 2009 1572 2055 39.

327 2086 447 2145 206,
476 2086 540 2132 17
560 2099 658 2146 399.
709 2085 818 2132 Hoc
848 2085 1175 2144 fraymentum
1203 2086 1405 2143 propter
1434 2085 1596 2142 ipsum
1627 2086 1787 2131 testem
1817 2084 2087 2130 necessario
2108 2082 2364 2142 prioribus

176 2167 541 2226 adiunyendum
575 2170 702 2214 erat:
741 2180 893 2227 neque
924 2169 1084 2213 tamen
1114 2166 1304 2226 reliqua
1345 2166 1623 2224 fraymenta
1656 2166 1856 2225 propter
1888 2165 2161 2224 aryumenti
2192 2164 2364 2211 simili-

177 2249 391 2296 tudinem
424 2263 532 2296 cum
561 2249 637 2296 his
670 2249 912 2296 artissime
944 2248 1246 2294 cohaerentia
1279 2247 1438 2294 eodem
1470 2247 1568 2294 loco
1597 2261 1780 2306 ponere
1811 2247 2055 2293 voluimus
2086 2246 2142 2292 ob
2175 2245 2364 2292 dubita-

178 2332 355 2378 tionem
379 2330 518 2378 illam
544 2330 602 2378 de
624 2344 823 2378 numero
853 2329 1089 2378 librorum
1112 2330 1170 2376 de
1193 2342 1409 2376 sermone
1440 2327 1607 2384 latin0,
1630 2328 1760 2376 unde
1791 2329 1986 2375 omnino
2016 2329 2220 2385 fluctuat
2241 2326 2368 2374 iudi-

178 2413 306 2461 cium
337 2412 395 2460 de
428 2407 656 2460 ‘metrico'
689 2412 824 2459 libro.
882 2410 1101 2460 Ceterum
1143 2411 1342 2458 minime
1379 2413 1501 2457 recte
1541 2409 1656 2457 inde
1699 2410 1825 2469 quod
1867 2410 2025 2457 Varro
2067 2411 2120 2456 in
2156 2407 2365 2468 Gynodi—

178 2494 374 2542 dascalo
395 2494 708 2554 phalaecium
739 2497 944 2541 metrum
968 2494 1305 2541 commemorat
1325 2493 1519 2540 nomine
1543 2493 1748 2539 trimetri
1778 2491 1926 2539 ionici
1948 2490 2186 2538 Funaioli
2217 2490 2366 2537 obiter

179 2576 367 2623 dubitat
397 2575 455 2622 de
484 2576 771 2636 fraymentis
801 2576 900 2623 iltis
933 2575 998 2622 ad
1032 2569 1316 2622 ‘metricum’
1349 2573 1529 2621 librum
1559 2574 1855 2621 revocandis.

331 2665 452 2727 206,
480 2665 547 2712 23
565 2679 662 2725 399.
724 2664 883 2712 Verba
924 2664 1123 2711 litterae
1157 2703 1166 2712 .
1201 2700 1210 2710 .
1245 2702 1255 2713 .
1288 2664 1435 2724 putat
1477 2664 1658 2711 omissa
1689 2677 1721 2709 a
1758 2662 2084 2710 IVilmannsio
2126 2662 2264 2709 tibris
2308 2662 2367 2708 de

179 2761 395 2795 sermone
425 2746 577 2794 latino
609 2747 776 2794 tribuit
796 2745 1035 2793 Funaioli
1065 2745 1183 2792 duce
1210 2745 1415 2792 Vsenero
1449 2744 1479 2791 l.
1503 2758 1539 2791 s.
1565 2758 1602 2791 s.
1627 2759 1679 2804 p.
1711 2745 1818 2791 642
1841 2743 1955 2791 adn.
1983 2745 2029 2790 3.
2084 2742 2180 2790 Sed
2206 2744 2366 2790 codem

180 2842 288 2876 cum
318 2829 423 2876 sine
453 2828 597 2875 dubio
628 2830 799 2888 spectet
830 2827 1081 2875 Diomedis
1113 2827 1446 2881 testimonium,
1479 2828 1705 2873 neutrum
1735 2827 1789 2873 in
1821 2827 2068 2885 apparatu
2099 2825 2367 2872 delitescere

180 2910 445 2957 voluimus:
476 2910 684 2957 alterum
717 2911 845 2957 enim
881 2909 1119 2956 Varronis
1149 2922 1323 2956 nomen
1348 2907 1542 2963 exhibet,
1576 2907 1783 2955 alterum
1808 2907 2076 2955 doctrinam
2098 2907 2367 2967 pristinam

181 2992 340 3051 ipsam
369 2991 543 3039 melius
566 2993 790 3040 servavit.
830 2990 966 3039 Nam
988 2991 1136 3038 verba
1160 2991 1346 3037 ceteras
1380 2988 1653 3051 superfluas
1686 2989 1833 3051 putat
1864 3002 2228 3048 supervacanea
2252 2991 2368 3035 sunt

171 3075 287 3133 post
324 3072 569 3134 siquidem
602 3112 612 3122 .
647 3110 656 3119 .
691 3110 701 3120 .
735 3075 785 3120 et
817 3073 875 3128 Z,
914 3072 1062 3120 verba
1102 3070 1305 3133 quidam
1340 3109 1348 3117 .
1384 3109 1393 3119 .
1430 3108 1439 3118 .
1474 3070 1786 3118 crediderunt
1826 3084 1881 3117 ex
1922 3071 2010 3118 tali
2046 3072 2209 3130 forma
2248 3083 2364 3130 pro-

182 3156 369 3201 creata:
390 3153 551 3202 Varro
575 3154 769 3202 latino
795 3153 1051 3203 sermoni
1077 3152 1299 3201 sufficere
1318 3152 1483 3200 decem
1501 3154 1550 3200 et
1575 3154 1764 3214 septem
1787 3152 1982 3200 litteras
2001 3151 2210 3199 credidit
2227 3165 2365 3210 ε.9.3.

334 3243 454 3303 207,
480 3243 626 3302 4399.
682 3240 757 3302 Of.
788 3242 990 3290 Kettner
1021 3237 1257 3290 ‘Varron.
1287 3237 1510 3289 Studien'
1558 3240 1652 3301 (ed.
1686 3255 1730 3290 a.
1769 3239 1935 3301 1865)
1971 3255 2024 3300 p.
2061 3242 2158 3298 12;
2200 3240 2366 3299 Reppe

183 3324 241 3372 de
272 3323 332 3370 L.
358 3321 492 3371 Ann.
523 3323 666 3372 Corn.
689 3339 745 3383 p.
774 3326 855 3373 67.

335 3414 457 3472 207,
484 3414 513 3460 9
532 3427 630 3473 399.
671 3412 858 3460 Locwm
871 3414 1187 3472 posteriorem
1206 3413 1516 3472 yrammatici
1541 3407 1832 3476 (singularis
1857 3425 2089 3458 numerus
2122 3446 2132 3457 .
2168 3447 2177 3457 .
2212 3446 2221 3455 .
2254 3425 2366 3471 pro-

183 3486 466 3559 nuntietur)
508 3508 616 3543 cum
655 3494 768 3542 aliis
806 3494 985 3541 ibidem
1025 3494 1246 3542 exhibitis
1285 3494 1351 3542 ad
1392 3493 1661 3541 Varronem
1699 3495 1820 3539 recte
1857 3492 2040 3538 rettulit
2074 3490 2368 3539 Lachmann

184 3577 238 3623 in
268 3575 419 3623 Lucr.
441 3590 495 3636 p.
533 3576 639 3623 186
678 3577 881 3636 itemque
921 3575 1101 3624 Vsener
1131 3576 1265 3623 Mus.
1291 3575 1444 3622 Rhen.
1473 3574 1667 3621 XXIV
1684 3588 1736 3633 p.
1775 3575 1880 3620 104
1896 3587 1963 3632 39.
1976 3589 1991 3619 .·
2029 3587 2168 3631 quem
2207 3574 2369 3619 tamen

184 3656 238 3704 in
269 3657 576 3704 adnotatione
608 3658 796 3704 tantwm
827 3656 1141 3704 exhibuerunt
1166 3655 1522 3703 Wilmannsius
1546 3654 1935 3712 Funaioliusque
1968 3652 2117 3714 (male
2146 3654 2200 3700 in
2230 3654 2366 3713 fray-

185 3740 341 3786 mento
370 3738 476 3798 ipso
506 3739 784 3798 recipientes
808 3752 932 3798 quae
956 3740 1122 3785 contra
1155 3737 1424 3785 Varronem
1444 3737 1614 3796 priore
1644 3735 1743 3783 loco
1771 3734 1963 3783 addidit
1981 3732 2367 3795 yrammaticus).
