2600 4198
978 136 1160 180 LIBER
1191 135 1232 179 V
1267 141 1498 181 136—143
2260 139 2332 191 43

122 273 327 325 *culum
373 272 575 325 dictum
627 275 708 325 est
753 272 873 325 aliis
916 274 1000 325 vel
1046 290 1248 340 arcera,
1299 290 1434 341 quae
1486 272 1647 324 etiam
1699 273 1754 324 in
1802 273 2082 326 duodecim
2135 275 2333 327 tabulis

148 360 215 429 (I
228 364 264 414 3
288 358 424 431 Sch.)
459 360 781 430 appellatur3
816 361 961 429 quod
992 379 1058 413 ex
1088 360 1288 414 tabulis
1314 360 1619 414 vehiculum
1653 365 1765 414 erat
1795 362 1998 414 factum
2030 366 2092 414 ut
2125 363 2335 432 arca[r],

147 467 327 502 arcera
367 449 583 501 dictum.
645 449 947 517 plaustrum
987 450 1052 502 ab
1094 468 1156 502 eo
1190 450 1335 519 quod
1372 467 1483 503 non
1520 453 1581 502 ut
1621 450 1679 501 in
1716 450 1800 502 his
1842 469 1976 520 quae
2018 469 2176 519 supra
2210 452 2336 519 dixi,

146 538 239 591 sed
277 556 341 591 ex
380 538 528 591 omni
565 542 717 606 parte
755 539 933 607 palam
975 542 1069 607 est,
1110 557 1245 607 quae
1285 539 1342 591 in
1380 556 1440 590 eo
1475 538 1758 607 vehuntur,
1800 540 1940 607 quod
1983 541 2236 608 perlucet,
2278 544 2336 591 ut

103 649 123 682 ⁶
148 627 369 696 lapideS‚
408 645 627 696 assereS,
667 628 894 697 tignum.

295 717 380 769 32.
420 716 662 769 aedificia
701 717 978 769 nominata
1018 736 1048 769 a
1087 720 1239 786 parte
1279 721 1340 768 ut
1380 717 1564 771 multa.
1636 717 1699 769 ab
1742 718 1960 770 aedibus
2002 723 2053 770 et
2092 719 2336 772 faciendo
2375 736 2451 773 141

148 807 376 858 maxime
424 806 739 858 aedificium.
818 810 871 858 et
912 806 1170 875 oppidum
1219 806 1283 859 ab
1333 806 1422 875 opi
1471 806 1694 874 dictum,
1743 807 1885 874 quod
1933 808 2173 860 munitur
2220 809 2337 876 opis

149 913 306 948 causa
342 895 438 948 ubi
478 895 587 948 sint
626 899 679 947 et
711 896 855 964 quod
895 915 1029 965 opus
1071 899 1151 948 est
1183 896 1248 947 ad
1280 896 1446 948 vitam
1480 895 1766 965 gerendam
1797 896 1892 948 ubi
1931 896 2163 949 habeant
2203 901 2337 949 tuto

149 984 346 1054 oppida
385 984 528 1053 quod
569 986 719 1053 operi
757 985 1084 1055 muniebant,
1124 985 1348 1038 moenia.
1416 1002 1521 1053 quo
1563 984 1850 1037 moenitius
1892 989 2030 1037 esset
2072 986 2215 1054 quod
2254 1005 2339 1038 ex—

79 1096 122 1129 ιο
148 1073 500 1144 aggerebant,
539 1093 761 1145 aggeres
803 1074 954 1142 dicti,
1002 1078 1054 1126 et
1095 1075 1186 1143 qui
1228 1092 1475 1145 aggerem
1529 1074 1850 1142 contineret,
1890 1093 2116 1127 moerus.
2197 1077 2340 1144 quod

143 1163 418 1215 muniendi
458 1182 615 1218 causa
654 1163 985 1233 portabatur,
1037 1182 1249 1231 munus,
1300 1163 1439 1232 quod
1483 1163 1760 1232 sepiebant
1800 1164 2056 1231 oppidum
2098 1182 2158 1216 eo
2200 1182 2339 1218 moe-

143 1270 281 1320 nere,
330 1271 558 1305 moerus.
641 1253 753 1304 eius
798 1272 1006 1305 summa
1052 1253 1248 1322 pinnae
1300 1254 1364 1305 ab
1418 1252 1501 1304 his
1555 1270 1685 1320 quas
1738 1252 1982 1322 insigniti
2034 1253 2231 1306 milites
2282 1256 2339 1305 in
2375 1273 2455 1310 142

144 1340 309 1411 galeis
361 1341 557 1395 habere
609 1342 782 1395 solent
834 1346 886 1395 et
937 1343 993 1395 in
1045 1342 1431 1413 gladiatoribus
1486 1340 1769 1394 Samnites,
1844 1345 2017 1393 turres
2070 1361 2100 1393 a
2155 1345 2341 1412 torvis,

146 1431 289 1499 quod
321 1449 411 1483 eae
451 1431 722 1500 proiciunt
763 1436 885 1484 ante
926 1432 1074 1485 alios,
1140 1450 1245 1500 qua
1276 1431 1418 1484 viam
1450 1430 1824 1499 relinquebant
1858 1431 1913 1484 in
1947 1451 2113 1501 mum,
2149 1451 2252 1500 qua
2283 1434 2338 1485 in

78 1544 121 1576 15
148 1520 406 1588 oppidum
454 1524 752 1589 portarent,
800 1525 997 1590 portas.
1069 1521 1268 1590 oppida
1315 1521 1615 1574 condebant
1663 1520 1719 1572 in
1757 1520 1912 1573 Latio
1954 1521 2182 1573 Etrusco
2231 1522 2338 1574 ritu
2376 1540 2457 1578 143

143 1610 320 1677 multi,
370 1610 423 1661 id
475 1612 555 1661 est
601 1610 799 1664 iunctis
847 1611 1042 1679 bobus,
1091 1614 1244 1663 tauro
1286 1614 1339 1662 et
1378 1628 1561 1677 vacca,
1609 1610 1861 1662 interiore
1903 1613 2078 1662 aratro
2121 1612 2339 1663 circum-

142 1698 371 1768 agebant
413 1698 621 1751 sulcum
663 1699 789 1770 (hoc
821 1700 1093 1753 faciebant
1124 1699 1402 1769 religionis
1436 1717 1594 1751 causa
1628 1698 1710 1750 die
1745 1698 2064 1770 auspicato),
2106 1704 2166 1751 ut
2198 1700 2340 1753 fossa

140 1789 192 1838 et
230 1805 383 1839 muro
425 1791 603 1840 essent
641 1790 847 1841 muniti.
910 1792 1104 1841 terram
1141 1789 1281 1841 unde
1314 1788 1700 1856 exculpserant‚
1741 1788 1943 1840 fossam
1978 1790 2242 1842 vocabant
2289 1794 2340 1842 et

139 1876 430 1930 introrsum
470 1877 663 1930 iactam
702 1897 929 1931 murum.
993 1882 1117 1946 post
1157 1896 1217 1930 ea
1260 1877 1353 1946 qui
1394 1877 1558 1929 fiebat
1600 1878 1761 1946 orbiS,
1801 1878 1949 1930 urbis
1990 1878 2340 1948 principiu1113

74 1993 115 2025 20
141 1965 232 2033 qui
274 1966 417 2034 quod
457 1971 570 2019 erat
617 1971 741 2036 post
781 1987 1017 2035 murum,
1069 1967 1455 2035 postmoerium
1505 1967 1735 2035 dictum,
1783 1968 2055 2035 †eiusque
2104 1969 2340 2037 auspicia

288 2131 312 2170 3
349 2128 415 2183 Of.
456 2129 552 2174 Τίν’.
586 2143 621 2173 s.
655 2128 916 2185 plaustrum
948 2130 960 2186 Η
995 2133 1017 2172 7
1055 2129 1122 2183 Of.
1154 2129 1243 2173 Cic.
1271 2143 1344 2185 ap.
1374 2129 1495 2173 Fest.
1529 2128 1660 2182 202¹),
1685 2132 1746 2173 24
1779 2129 1924 2184 (quod
1957 2143 2094 2184 opem
2129 2129 2339 2187 darent),-

137 2188 284 2231 Pauli
314 2191 418 2242 184,
437 2192 465 2232 5
498 2189 638 2245 (quod
671 2188 739 2232 ibi
770 2189 982 2233 homines
1015 2202 1124 2244 opes
1158 2202 1263 2232 suas
1299 2188 1587 2244 conferunt),·
1619 2188 1739 2232 Serv.
1767 2190 1894 2233 Dan.
1921 2190 1973 2232 in
1999 2189 2113 2232 Am.
2143 2191 2221 2233 IX
2247 2194 2335 2234 605

138 2245 228 2302 (vel
252 2247 377 2302 quod
406 2261 516 2304 opes
549 2247 631 2292 illo
665 2248 939 2292 munitionis
971 2248 1126 2305 gratia
1161 2250 1411 2305 congestae
1444 2249 1600 2305 sunt),·
1632 2248 1747 2292 Isid.
1768 2248 1869 2292 XV
1881 2252 1925 2302 2,
1946 2251 1973 2291 5
1990 2263 2080 2304 sq.,·
2114 2249 2333 2305 Pompon.

140 2306 248 2364 Diy.
275 2306 319 2349 L
345 2311 525 2361 16,239
550 2307 582 2366 §
609 2310 637 2351 7
663 2308 739 2364 (ab
774 2321 861 2365 ope
889 2308 1075 2363 dicitur,
1109 2308 1234 2363 quod
1267 2307 1367 2352 eius
1399 2308 1468 2351 rei
1501 2321 1642 2351 causa
1675 2307 1861 2351 moenia
1895 2308 1988 2350 sint
2023 2308 2296 2365 constituta)
2323 2313 2334 2365 {g

140 2369 163 2407 9
207 2365 276 2420 Cf.
309 2366 429 2411 Serv.
471 2369 522 2411 in
562 2368 677 2412 Aen.
713 2369 799 2412 XI
832 2371 924 2411 567
973 2368 1176 2424 (proprie
1223 2368 1410 2411 moenia
1459 2369 1566 2410 sunt
1613 2369 1799 2411 tantum
1847 2367 1989 2421 muri,
2034 2368 2161 2411 dicta
2201 2369 2337 2424 quasi

138 2425 299 2468 munia
332 2440 360 2469 a
390 2427 650 2470 munitione
685 2427 935 2484 civitatis>;
967 2429 1080 2471 [sid.
1117 2428 1222 2472 XV
1245 2431 1289 2482 2,
1316 2430 1387 2471 17.
1417 2430 1476 2470 18
1509 2428 1521 2484 ΙΙ
1558 2432 1611 2471 10
1648 2427 1716 2481 Of.
1753 2428 1898 2471 Varro
1932 2428 1985 2471 de
2017 2442 2053 2472 r.
2087 2442 2123 2471 r.
2159 2430 2193 2472 I
2220 2433 2289 2482 14,
2309 2433 2338 2474 3

108 2486 350 2541 (aggeres
395 2485 579 2530 faciunt
623 2486 721 2530 sine
765 2486 913 2531 fossa:
961 2501 1037 2530 eos
1082 2486 1273 2542 quidam
1315 2489 1489 2530 vocant
1531 2489 1730 2542 muros);
1774 2487 1894 2531 Serv.
1934 2489 1986 2530 in
2018 2488 2133 2531 Aen.
2178 2489 2221 2532 V
2244 2491 2337 2532 273

138 2544 449 2600 (coaggeratis
480 2545 722 2601 lapidibus
756 2568 812 2583 =
846 2547 958 2591 Isid.
988 2547 1092 2591 XV
1117 2550 1190 2600 16,
1219 2549 1262 2601 7)
1297 2551 1338 2590 et
1369 2548 1419 2589 in
1452 2547 1533 2590 IX
1558 2549 1649 2590 564
1682 2548 1756 2601 (=
1790 2547 1903 2590 Istd.
1934 2548 2038 2591 XV
2058 2551 2099 2601 9,
2127 2549 2196 2604 3),·
2233 2547 2334 2592 GL.

148 2603 192 2647 V
214 2606 318 2657 481,
345 2607 405 2647 18
448 2606 461 2661 ΙΙ
508 2609 560 2648 13
598 2605 664 2660 Of.
699 2605 821 2651 Serv.
855 2607 907 2650 in
938 2606 1051 2650 Aen.
1088 2606 1171 2649 IV
1196 2609 1269 2649 88.
1314 2607 1418 2649 VII
1444 2608 1559 2659 159,·
1599 2606 1692 2650 ΤΘ.
1727 2619 1759 2649 s.
1794 2605 1939 2661 pinna
1981 2612 2021 2650 et
2068 2606 2335 2662 pinnirapi,-

136 2663 269 2707 sehol.
302 2665 354 2707 in
386 2666 487 2708 Iuv.
522 2666 616 2709 III
640 2668 731 2709 158
775 2664 949 2721 (pinnis
992 2678 1227 2721 pavonum
1267 2665 1422 2708 ornari
1467 2664 1618 2709 solent
1663 2665 1950 2722 gladiatores
1988 2700 1995 2707 .
2025 2700 2032 2708 .
2065 2702 2071 2709 .
2108 2667 2189 2709 aut
2228 2666 2334 2710 ideo

136 2721 423 2779 pinnirapos,
458 2724 570 2778 quia
608 2723 776 2780 pinnas
809 2725 858 2767 in
891 2724 1038 2781 galeis
1071 2723 1329 2781 habebant)
1373 2726 1385 2781 Η
1433 2729 1485 2768 15
1523 2725 1590 2778 Of.
1626 2724 1746 2768 Serv.
1781 2726 1832 2768 in
1865 2725 1978 2769 Aen.
2016 2727 2050 2769 I
2075 2728 2137 2769 83
2182 2727 2333 2781 (porta

139 2815 147 2824 .
176 2816 184 2825 .
212 2815 222 2825 .
257 2796 349 2838 qua
380 2785 539 2839 potest
570 2783 643 2827 vel
682 2784 912 2839 inportari
945 2784 1017 2828 vel
1050 2784 1284 2840 exportari
1318 2783 1516 2840 aliquid)
1529 2801 1545 2838 ,·
1581 2783 1679 2828 ΤΘ.
1713 2798 1747 2828 s.
1781 2786 1918 2840 porta
1949 2784 2172 2828 Laurenti
2209 2785 2335 2842 (quia

136 2854 220 2896 per
243 2841 394 2897 ipsam
420 2856 585 2899 corpus
612 2843 709 2887 eius
734 2845 973 2900 portatum
999 2845 1112 2900 est),·
1144 2844 1258 2888 Isid.
1282 2845 1446 2898 XV2,
1463 2846 1526 2887 22
1549 2845 1562 2899 Η
1592 2847 1644 2886 16
1675 2844 1741 2897 Of.
1771 2845 1917 2888 Varro
1944 2845 1985 2888 d.
2012 2859 2048 2888 r.
2076 2859 2112 2889 r.
2134 2846 2198 2888 II
2217 2850 2256 2898 1,
2277 2850 2334 2889 10

137 2902 202 2956 (et
240 2902 366 2957 quod
403 2902 535 2956 urbs,
580 2917 685 2946 cum
717 2903 906 2947 condita
940 2905 1024 2957 est,
1069 2906 1204 2946 tauro
1238 2905 1285 2946 et
1317 2916 1458 2946 vacca
1492 2917 1584 2958 qua
1617 2905 1773 2947 essent
1815 2903 1938 2946 muri
1971 2906 2017 2947 et
2058 2905 2222 2959 portae
2257 2905 2334 2949 de-

136 2959 320 3004 finitum
347 2997 355 3005 .
383 2995 391 3003 .
421 2963 475 3019 .);
509 2963 619 3007 Cato
652 2977 726 3019 ap.
760 2963 882 3008 Serv.
915 2965 967 3007 m
998 2964 1113 3007 Aen.
1154 2964 1197 3007 V
1224 2966 1313 3006 755
1346 2965 1419 3020 (=
1446 2963 1559 3007 [sid.
1587 2963 1687 3007 XV
1709 2966 1754 3017 2,
1782 2965 1852 3016 3);
1885 2963 2004 3008 Serv.
2040 2965 2093 3008 in
2116 2964 2230 3007 Aen.
2260 2966 2341 3008 IV

75 3041 83 3047 ’
137 3022 255 3074 212,
294 3022 418 3066 Plut.
456 3022 539 3079 Qu.
569 3023 698 3067 Rom.
731 3025 820 3077 27,·
852 3023 974 3067 Fest.
1010 3024 1035 3067 ll
1070 3024 1133 3067 ad
1163 3026 1235 3077 41,
1262 3026 1320 3066 13
1351 3036 1463 3076 scr.;
1502 3023 1626 3067 Don.
1661 3024 1712 3066 in
1745 3024 1835 3066 Ad.
1870 3024 1953 3068 IV
1976 3025 2021 3076 2,
2047 3027 2132 3078 44,·
2168 3024 2263 3068 TG.
2298 3038 2332 3068 s.

136 3078 324 3123 urbatio
356 3081 369 3138 ΙΙ
404 3085 457 3125 18
493 3081 560 3135 Of.
587 3081 709 3126 Serv.
742 3084 794 3127 in
819 3083 934 3126 Am.
970 3083 1074 3126 VII
1092 3085 1182 3126 157
1212 3083 1225 3138 Η
1261 3087 1313 3126 19
1351 3082 1419 3136 Of.
1446 3082 1695 3139 Auqustin.
1722 3083 1874 3138 princ.
1908 3083 2018 3126 dial.
2054 3088 2125 3137 11,
2150 3087 2179 3126 4
2212 3083 2331 3127 Grec.

139 3140 238 3194 (per
280 3139 331 3182 id
375 3153 466 3195 quo
510 3141 788 3196 continetur,
832 3143 887 3185 ut
927 3142 1092 3186 urbem
1137 3142 1195 3185 ab
1231 3142 1341 3186 orbe
1374 3141 1665 3197 appellatam
1696 3141 1872 3196 volunt,
1918 3142 2043 3197 quod
2089 3142 2331 3198 auspicato

136 3197 264 3242 locus
298 3200 452 3243 aratro
486 3200 770 3245 circumduci
812 3201 972 3255 solet):
1013 3203 1071 3257 cf.
1105 3202 1168 3245 ad
1199 3206 1270 3256 44,
1297 3205 1324 3244 3
1368 3202 1381 3257 ΙΙ
1427 3205 1482 3244 20
1519 3202 1586 3255 Of.
1623 3201 1744 3246 Fest.
1777 3202 1914 3254 2491’,
1953 3205 2015 3245 28
2048 3216 2148 3246 cum
2181 3204 2332 3247 Paulo

136 3261 242 3311 248,
277 3261 335 3301 14
366 3265 408 3303 et
437 3262 564 3314 250³,
588 3263 651 3304 20
683 3260 845 3318 (veluti
885 3263 992 3317 post
1022 3260 1322 3321 moe<rium>
1356 3275 1390 3304 e.
1416 3275 1454 3316 q.
1481 3263 1561 3317 8.);
1609 3260 1709 3305 GL.
1744 3263 1839 3305 III
1855 3264 1960 3314 475,
1987 3265 2016 3304 9
2049 3262 2199 3316 (quasi
2224 3264 2330 3316 post

138 3320 336 3375 muros);
363 3318 476 3363 Gen.
496 3319 642 3364 XIII
661 3323 731 3375 14,
750 3325 775 3365 1
793 3320 938 3377 (locus
973 3355 981 3363 .
1003 3357 1011 3364 .
1033 3335 1180 3377 .pone
1206 3334 1361 3365 muros
1389 3355 1396 3362 .
1420 3356 1426 3363 .
1449 3355 1456 3363 .
1484 3320 1564 3375 qui
1589 3319 1706 3363 facit
1729 3320 1868 3364 finem
1893 3320 2061 3364 urbani
2087 3321 2332 3377 auspicii),-

286 3471 310 3509 2
344 3468 416 3512 del
440 3468 557 3513 Laet
588 3469 600 3525 ΙΙ
635 3472 657 3510 7
684 3469 732 3512 et
762 3474 1014 3525 suspectum
1041 3469 1132 3524 (del
1156 3469 1309 3526 Sciop)
1344 3471 1356 3525 ΙΙ
1391 3473 1416 3512 8
1449 3468 1655 3512 habeant
1686 3469 1779 3525 [sic
1805 3469 1955 3526 (FOJ
1979 3470 2047 3512 vel
2070 3467 2287 3512 habitent
2318 3470 2320 3523 ξ

136 3526 238 3570 tuto
269 3527 338 3570 vel
375 3528 480 3570 tuta
517 3528 611 3585 [aie
645 3529 792 3585 [ΓΟ]
835 3529 848 3586 ss
893 3533 917 3572 9
950 3528 1138 3572 Moenia
1171 3541 1261 3584 quo
1302 3528 1554 3572 moenitius
1587 3530 1708 3571 esset
1743 3527 1818 3570 Fv
1860 3530 1873 3584 Η
1919 3532 1974 3571 10
2007 3527 2217 3571 Moerum
2250 3528 2328 3572 F*

0 3593 8 3626 t:
142 3587 317 3643 (murus
339 3587 383 3642 v)
407 3587 421 3643 Η
449 3590 502 3630 11
519 3600 609 3644 sqq.
635 3600 821 3631 manus:
848 3601 949 3633 corr
965 3589 1085 3632 Laet
1106 3590 1314 3643 (moenus
1340 3593 1380 3632 et
1405 3592 1540 3632 antea
1564 3587 1832 3631 moeniendi
1859 3588 1987 3641 Mue,
2012 3601 2050 3631 v.
2070 3590 2099 3630 9
2123 3587 2327 3631 moenie-

136 3645 255 3689 bant
281 3645 445 3702 Ganal>
473 3648 479 3703 Ι
508 3659 561 3705 ee
593 3659 857 3692 omoenere:
889 3661 992 3692 corr
1013 3647 1142 3692 Turn
1169 3649 1175 3703 Ι
1203 3661 1382 3691 murus:
1417 3661 1517 3691 corr
1533 3646 1669 3701 Sciop
1696 3645 1703 3703 1
1731 3645 1903 3689 habere
1934 3646 1985 3689 in
2009 3646 2157 3703 galeis
2177 3647 2245 3702 (F
2252 3649 2287 3702 ⁷)
2312 3648 2326 3702 Η

141 3708 195 3747 16
218 3703 365 3748 bacca
387 3706 456 3750 vel
477 3717 624 3750 uacca
648 3707 730 3763 (sic
746 3706 838 3762 Fv)
870 3708 884 3765 ΙΙ
918 3711 971 3751 17
1005 3707 1097 3751 dist
1121 3707 1271 3752 Oanal
1301 3708 1314 3763 ΙΙ
1350 3710 1401 3750 19
1435 3705 1612 3749 factam
1642 3706 1727 3759 (sie
1750 3706 1882 3749 etiam
1904 3706 2022 3761 FU:
2056 3719 2158 3750 corr
2178 3706 2289 3750 Mue
2317 3706 2321 3762 l

138 3763 323 3820 postea:
356 3777 458 3809 corr
490 3765 604 3811 Mue
633 3766 647 3822 ΙΙ
680 3769 736 3808 20
769 3778 823 3810 eo
854 3779 1001 3822 usque
1038 3767 1288 3810 Mommsen

0 3554 5 3572 t

0 3640 10 3685 ἓ

0 3686 11 3722 Ι
