2600 4198
1043 111 1518 158 ADNOTATIONES
2264 115 2373 169 295

185 254 255 303 -dc
281 254 314 302 l.
345 254 376 302 l.
407 253 543 302 nullo
571 253 713 301 modo
745 255 946 314 coqitari
967 257 1137 314 potest.
1185 253 1281 302 Sed
1309 255 1426 303 haec
1454 268 1532 302 res
1563 255 1757 302 omnino
1789 253 1953 311 levior,
1984 257 2102 315 quia
2133 259 2176 304 et
2211 256 2371 313 index,

191 339 250 383 ut
282 336 426 392 alia-3,
455 336 512 382 im
539 348 741 383 numero
774 350 939 384 errare
961 337 1135 396 potuit,
1167 339 1210 384 et
1230 335 1406 398 Lydus
1437 337 1630 384 omnino
1660 335 1978 398 neyleyentior
2009 340 2087 385 est.
2138 336 2223 386 An
2252 340 2375 399 forte

189 417 313 476 fuit:
342 414 396 465 ἐν
427 414 599 483 βιβλίῳ
631 420 832 486 πεμπτῷ
860 412 1220 485 (Πομπηίῳ).2

341 505 464 566 201,
490 505 559 552 20
575 517 673 565 399.
724 503 799 564 Of.
841 504 1021 554 Vsener
1051 507 1106 554 in
1135 504 1438 554 Fleckeiseni
1469 520 1584 554 ann.
1613 505 1765 554 XCV
1791 504 1860 567 (a.
1897 506 2064 567 1867)
2087 522 2141 567 p.
2174 509 2286 556 247
2303 522 2371 567 39.

192 584 414 635 Ceterum
451 593 631 647 ‚qraeca
671 587 789 635 haec
828 588 1080 648 inscriptio
1123 589 1209 635 etsi
1250 586 1400 635 latine
1430 589 1513 635 vim
1544 589 1708 648 potuit
1742 588 1916 636 melius
1945 588 2086 637 reddi
2116 603 2264 649 quam
2296 584 2373 638 Qde

185 667 416 727 formulis
438 664 728 724 verborum'‚
762 671 922 717 tamen
952 669 1006 715 in
1036 668 1175 716 libris
1200 669 1290 730 qui
1313 668 1372 715 de
1404 668 1632 716 formulis
1656 668 1918 718 verborum
1942 672 2087 718 erunt
2111 669 2259 730 (181,
2279 670 2371 731 12)

187 749 271 796 vix
299 751 421 797 recte
452 749 518 797 ad
547 750 632 798 hoc
653 751 818 810 potius
849 764 971 810 opus
1001 763 1149 809 quam
1179 750 1246 798 ad
1277 750 1425 797 libros
1455 751 1690 811 quosdam
1712 752 2005 809 posteriores
2034 754 2192 811 ipsius
2215 754 2373 812 operis

187 829 247 877 de
276 830 306 878 l.
332 831 362 878 l.
387 831 639 878 rettuleris,
684 831 821 880 Mire
848 845 960 879 vero
982 830 1220 879 Funaioli
1248 831 1323 879 nil
1359 833 1458 879 nisi
1487 833 1692 893 propius
1724 832 1946 893 proxime
1981 833 2218 881 Varronis
2249 834 2371 882 libro

186 911 469 972 adscripsit:
499 927 623 973 quae
653 927 788 961 mera
819 914 1052 961 adverbia
1080 927 1179 960 non
1201 927 1296 972 per
1321 907 1334 928 ⁶
1349 912 1506 961 Varro
1538 914 1607 960 sic
1637 909 1724 960 ait'
1753 927 1789 961 6.
1815 929 1856 974 9.
1882 927 1919 961 3.
1951 915 2221 962 induxisset
2248 915 2369 964 Oka-

187 994 360 1041 risius:
389 996 507 1041 sumt
533 1008 644 1042 vero
676 1009 799 1055 quae
829 998 1097 1055 sequuntur
1127 995 1261 1054 apud
1290 995 1431 1042 illum
1455 1009 1601 1054 quam
1625 996 1834 1042 maxime
1868 995 2182 1044 Varroniana
2207 995 2371 1056 (atque

184 1073 525 1136 penitissimas
557 1089 613 1123 ex
642 1075 822 1124 Plauto
856 1076 1015 1125 Varro
1047 1077 1193 1136 affert
1222 1077 1367 1124 etiam
1396 1076 1451 1123 in
1480 1075 1702 1136 saturis).
1742 1074 1872 1125 Sane
1894 1077 2043 1125 verba
2074 1077 2262 1125 adiecta
2286 1079 2369 1126 sed

184 1172 300 1202 num
338 1152 652 1204 ‘oculissime'
686 1155 902 1222 βραχέως
932 1155 1235 1221 legendum?
1268 1158 1433 1206 aliena
1465 1172 1565 1206 6336
1596 1172 1628 1205 a
1669 1157 1889 1207 Varrone
1919 1159 2032 1207 inde
2053 1162 2212 1219 patet,
2244 1161 2370 1220 quod

181 1237 237 1284 in
257 1238 567 1297 praecedenti
599 1240 807 1299 exemplo
838 1239 1147 1301 penitissimo
1180 1239 1368 1301 leyitur,
1398 1240 1528 1286 unde
1559 1241 1753 1288 omnino
1785 1241 1840 1287 in
1872 1239 2151 1289 oculissime
2181 1255 2282 1289 non
2313 1242 2370 1290 de

183 1319 411 1367 adverbio
443 1321 763 1379 cocitandum,
806 1322 891 1370 sed
922 1322 980 1370 de
1007 1321 1221 1382 perfecto
1254 1335 1310 1369 ex
1342 1321 1568 1369 adverbio
1613 1314 1852 1388 (oculitus
1884 1325 1939 1369 ut
1967 1324 2113 1370 antea
2144 1316 2365 1389 penitus)

181 1400 412 1448 derivata

333 1491 456 1550 202,
482 1491 514 1536 4
532 1504 601 1550 39.
640 1491 717 1538 De
740 1492 919 1540 lacuna
941 1495 1058 1552 post
1078 1491 1287 1539 Plautus
1311 1491 1570 1540 statuenda
1593 1492 1702 1539 vide
1727 1492 1793 1539 ad
1816 1485 2049 1539 IlIostcll.2
2076 1494 2183 1541 102
2208 1491 2369 1553 (quem

180 1579 338 1626 locum
367 1593 427 1627 ne
468 1580 523 1626 in
553 1574 808 1623 Addendis
840 1574 1034 1634 quidem
1074 1573 1284 1634 respexit
1312 1573 1553 1634 Lindsay,
1597 1574 1682 1621 ubi
1714 1574 1773 1621 de
1802 1573 2013 1621 Plautus
2046 1577 2190 1621 antea
2226 1577 2272 1631 9,
2296 1577 2368 1623 24

179 1661 307 1709 male
337 1661 484 1709 deleto
517 1660 583 1707 ad
614 1649 771 1704 Pers.2
802 1657 912 1703 796
941 1657 1250 1716 provocavit:
1280 1657 1483 1715 itemque
1516 1654 1725 1703 Plautus
1759 1670 1848 1702 om.
1875 1655 2149 1715 Funaioli).

332 1751 455 1811 202,
482 1751 527 1797 6.
573 1746 647 1807 Of.
671 1746 773 1794 Leo
806 1745 940 1805 apud
963 1744 1244 1793 Kaibelium
1272 1743 1400 1792 Com.
1422 1759 1496 1804 yr.
1528 1745 1592 1803 fr.
1626 1744 1665 1790 Ι
1679 1759 1733 1804 p.
1765 1744 1857 1791 56:
1887 1743 2016 1791 idem
2047 1744 2175 1804 quod
2198 1745 2365 1793 Herm.

182 1831 379 1879 XXIV
405 1830 473 1891 (a.
502 1828 669 1889 1889)
692 1843 746 1888 p.
778 1828 845 1875 69
860 1841 928 1888 39.
963 1829 1006 1873 ct
1037 1825 1286 1873 XXXIX
1314 1831 1383 1885 (a.
1420 1825 1587 1885 1904)
1611 1841 1664 1886 p.
1699 1828 1772 1873 76
1803 1826 1968 1873 omnia
1998 1826 2099 1885 fere
2131 1841 2255 1887 quae
2285 1827 2367 1874 illo

179 1913 280 1961 loco
310 1912 570 1960 Diomedes
601 1912 659 1958 de
689 1912 889 1956 saturae
918 1909 1111 1955 nomine
1141 1907 1324 1954 rettulit
1354 1908 1420 1955 ad
1454 1908 1722 1955 Varronem
1752 1908 2028 1963 revocabat,
2060 1910 2181 1956 recte
2212 1909 2368 1956 Marx

178 1994 339 2043 Lucil.
373 1994 413 2042 I
438 2009 491 2055 p.
526 1993 659 2053 Χ39.
702 1992 828 2038 hanc
870 1991 1154 2037 sententiam
1195 1990 1445 2036 restrinxit
1489 1989 1848 2049 Varronemque
1892 1990 1951 2036 ab
1994 1987 2368 2049 Amphitruonis

179 2091 223 2124 v.
260 2078 363 2124 667
397 2066 668 2142 (saturam)
692 2072 967 2132 profectum
996 2071 1113 2118 haec
1145 2069 1392 2118 addidisse
1424 2072 1621 2118 coniecit
1652 2069 1799 2130 (quae
1821 2072 1984 2130 potuit
2011 2071 2092 2118 ille
2127 2073 2269 2119 etiam
2301 2072 2368 2120 ad

179 2156 459 2206 Saturionis
490 2170 664 2204 nomen
696 2153 899 2208 adicere,
940 2152 1039 2199 nisi
1083 2151 1239 2199 locum
1270 2151 1439 2199 Plauti
1469 2153 1684 2212 iynotuzn
1715 2150 1967 2211 spectavit)
1977 2168 1992 2198 .·
2036 2154 2155 2200 certe
2186 2152 2367 2201 Leonis

178 2240 416 2286 sententia
458 2237 585 2285 male
628 2235 846 2296 conyruit
888 2248 996 2281 cum
1040 2234 1263 2293 opinione
1295 2233 1353 2280 de
1387 2229 1777 2293 ‘Quaestionibus
1808 2229 2071 2280 Plautinis'
2106 2235 2368 2282 admodum

110 2358 112 2360 .
170 2320 432 2381 probabili,
467 2333 523 2367 ecc
553 2333 651 2379 qua
681 2330 770 2364 nos
799 2317 1002 2376 itemque
1033 2314 1271 2362 Funaioli
1314 2315 1452 2362 libris
1480 2316 1815 2374 yrammaticis
1846 2328 1964 2375 Quos
1994 2330 2222 2364 vocamus
2252 2318 2367 2365 haec

175 2403 454 2463 fragmenta
497 2399 813 2448 adiunximus
857 2398 1035 2444 omissa
1069 2411 1100 2443 a
1135 2395 1462 2445 Wilmannsio
1495 2411 1604 2444 cum
1637 2397 1749 2443 aliis
1783 2391 2163 2457 ‘qlossematicis'
2197 2399 2366 2460 qualia

176 2498 263 2532 nos
291 2497 475 2545 quoque
508 2482 809 2530 exclusimus.
854 2479 1073 2527 Ceterum
1089 2478 1204 2525 Keil
1234 2479 1381 2526 verba
1414 2477 1475 2525 ad
1507 2478 1627 2525 haec
1662 2515 1671 2525 .
1706 2515 1714 2523 .
1751 2515 1759 2523 .
1794 2493 1950 2541 grana
1983 2493 2014 2526 a
2040 2479 2367 2528 Varronianis

175 2565 335 2613 verbis
355 2564 531 2625 procul
562 2563 714 2616 habet,
748 2563 829 2609 vix
859 2563 993 2608 recte.

329 2654 451 2713 202,
482 2655 546 2700 12
566 2666 666 2712 399.
706 2651 1002 2698 Dubitanter
1033 2649 1118 2696 hoc
1147 2650 1490 2709 fraymentum,
1521 2649 1649 2709 quod
1683 2649 1961 2698 VVilmanns
1985 2651 2089 2698 sine
2120 2651 2224 2697 ulla
2246 2666 2365 2711 pro-

177 2734 421 2782 babilitate
451 2733 843 2793 Disciplinarum
884 2731 1005 2778 libro
1038 2730 1076 2776 I
1100 2731 1351 2785 tribuebat,
1394 2730 1468 2776 liis
1512 2730 1649 2777 libris
1691 2729 2047 2778 vindicavimus
2080 2757 2150 2763 —
2183 2732 2240 2779 de
2272 2747 2364 2793 quo

176 2818 322 2864 etiam
345 2816 581 2863 Funaioli
613 2815 849 2874 coyitabat
880 2840 965 2868 -v,
997 2813 1115 2873 quia
1146 2813 1443 2859 contrariam
1476 2826 1584 2859 einn
1615 2813 1853 2873 sequentis
1884 2813 2146 2872 fraymenti
2179 2818 2364 2862 senten.-

176 2900 310 2955 tiam,
333 2897 461 2958 quod
482 2898 611 2945 idem
630 2897 981 2957 yrammaticus
1006 2895 1165 2941 eodem
1188 2897 1243 2940 ut
1264 2893 1454 2941 videtur
1470 2896 1661 2941 auctore
1684 2895 1908 2950 servavit,
1932 2908 2030 2941 non
2052 2895 2365 2955 improbabile

175 2981 336 3028 visum
368 2982 436 3027 est
464 2979 715 3038 scriptioni
745 2976 1092 3025 vindicandam
1123 2989 1221 3023 6336
1247 2989 1395 3034 quam
1419 2978 1541 3022 certo
1565 2975 1763 3023 consilio
1786 2976 2025 3036 similique
2049 2976 2282 3024 librorum
2306 2979 2364 3025 de

177 3062 207 3108 l.
231 3061 262 3108 l.
298 3060 445 3108 VIII
463 3063 506 3107 et
527 3060 616 3107 IX
637 3060 779 3107 alteri
801 3059 1078 3119 opposuisse
1111 3057 1379 3105 Varronem
1408 3071 1569 3105 omnes
1594 3071 1703 3105 cum
1726 3057 1983 3105 Ritsclielio
2014 3058 2361 3106 intelleocerunt.

175 3141 336 3190 Simul
365 3155 475 3189 vero
517 3142 607 3189 hac
636 3141 824 3189 ratione
865 3139 1002 3188 licuit
1041 3140 1126 3186 hos
1169 3139 1293 3187 locos
1323 3139 1413 3186 sub
1444 3152 1542 3186 uno
1574 3141 1826 3198 conspectu
1859 3153 2055 3198 ponere,
2101 3142 2186 3188 etsi
2227 3141 2361 3188 nullo

175 3223 317 3272 modo
350 3223 613 3283 adiunycre
645 3223 780 3270 licuit
798 3225 1114 3282 praeceptum
1139 3222 1330 3281 utrique
1354 3222 1653 3268 contrarium
1684 3221 1948 3280 fragmenti
1975 3222 2093 3269 121.
2143 3220 2363 3272 Oete-rum

176 3304 237 3353 de
267 3305 354 3351 hoc
384 3303 506 3351 libro
538 3307 582 3351 et
612 3303 670 3351 de
698 3318 749 3351 eo
781 3304 864 3363 qui
907 3304 976 3351 est
1006 3303 1064 3350 de
1093 3303 1299 3350 utilitate
1330 3304 1565 3350 sermonis
1596 3302 1886 3362 conferenda
1916 3306 2032 3349 susnt
2060 3317 2184 3363 quae
2218 3302 2362 3352 Goetz

177 3381 304 3433 ‘Zur
346 3386 655 3446 Wiirdiyimy
693 3386 780 3433 der
806 3399 1012 3445 gramm.
1044 3381 1276 3431 Arbcitcn
1317 3378 1519 3431 Varros'
1546 3398 1599 3444 p.
1631 3385 1705 3432 22
1720 3397 1787 3442 39.
1822 3384 2049 3442 exposuit.
2084 3411 2154 3417 —-
2186 3385 2253 3431 In
2285 3399 2361 3433 ex-

116 3464 119 3466 ’
176 3469 342 3515 tre-mis
379 3468 537 3516 verbis
568 3467 686 3528 quia
717 3481 815 3514 non
850 3467 1102 3521 Varronis,
1131 3466 1217 3513 sed
1246 3465 1399 3513 Plinii
1432 3479 1530 3512 esse
1562 3479 1618 3512 ecc
1649 3466 1717 3512 eis
1749 3479 1986 3524 apparere
2016 3466 2206 3513 videtur
2238 3482 2361 3526 quae

174 3548 258 3609 Sp.
281 3551 445 3610 praef.
468 3563 521 3609 p.
555 3548 783 3597 LXVII
808 3549 1036 3608 exposuit.
1211 3594 1218 3599 .

329 3639 451 3700 203,
477 3638 523 3685 5.
567 3636 641 3698 Cf.
674 3637 861 3686 Ritschl
894 3636 1064 3697 Opusc.
1097 3636 1202 3682 III
1215 3650 1269 3695 p.
1304 3637 1413 3683 463
1428 3650 1496 3696 39.
1530 3636 1641 3683 382
1656 3649 1723 3695 39.

328 3728 450 3788 203,
479 3728 507 3774 7
526 3740 593 3787 39.
638 3725 883 3775 Ciceronis
914 3726 1044 3773 locus
1075 3726 1118 3773 si
1147 3727 1269 3773 recte
1299 3724 1529 3772 tribuitur
1569 3723 1801 3779 Varroni,
1831 3724 1922 3771 hac
1952 3737 2135 3783 quoque
2166 3738 2216 3770 re
2247 3724 2357 3770 item
