2600 4198
229 159 338 211 300
1078 156 1549 203 ADNOTATIONES

231 300 366 357 102;
396 299 455 358 cf.
483 300 626 347 etiam
648 298 763 346 Keil
789 297 898 347 GL.
934 297 1048 346 VII
1063 313 1118 358 p.
1146 299 1261 359 9sq.
1291 323 1366 331 ——
1399 297 1534 359 Quae
1564 298 1697 347 locus
1719 299 1995 360 parallelus
2020 297 2155 360 (GL.
2179 300 2294 350 VII
2307 300 2406 363 28)

231 379 289 427 de
321 395 460 427 cume
503 380 665 439 forma
707 380 849 427 habet
878 379 1029 427 dubia
1059 393 1163 427 una
1194 392 1302 426 cum
1333 380 1431 427 loco
1463 392 1519 426 ex
1540 382 1687 439 parte
1717 382 1902 428 maiore
1933 381 2181 441 desperato
2211 382 2407 431 Numae

226 461 277 508 in
311 460 495 508 Saliari
526 462 741 509 carmine
774 462 856 508 vix
889 460 1167 507 dubitamus
1197 462 1316 520 quin
1346 462 1412 509 ad
1452 460 1721 509 Varronem
1750 461 1960 510 redeant.

377 551 499 610 226,
527 550 592 597 15
611 564 678 610 sq.
719 547 804 596 Ad
833 551 1110 609 fraymenta
1144 551 1250 597 104
1267 563 1364 610 sqq.
1387 552 1502 609 post
1535 549 1915 598 Wilmanmsium
1946 551 2006 611 cf.
2041 550 2221 600 Vsener
2251 551 2280 599 l.
2304 565 2342 600 s.
2366 566 2404 600 s.

217 645 270 690 p.
307 632 426 679 102.

375 714 498 773 227,
525 713 571 760 3.
626 711 700 773 Of.
739 711 977 760 Lehrsius
1020 712 1202 760 Herod.
1245 725 1335 759 scr.
1380 711 1486 758 III
1510 727 1565 772 p.
1600 714 1723 768 437,
1767 712 2058 761 Ritsohelius
2103 713 2275 774 Opuse.
2307 714 2414 762 III

218 809 269 854 p.
305 793 427 849 358,
482 794 624 855 Vliliy
657 789 916 841 ‘Festschn
959 807 998 841 z.
1042 793 1237 841 Karlsr.
1270 789 1688 853 Philoloyenvers?
1724 808 1768 841 a.
1805 795 1950 842 1882
1982 809 2037 854 p.
2072 796 2142 843 73
2186 798 2228 843 et
2257 795 2406 843 Dion.

228 875 342 923 ΤῙιν.
366 890 419 935 Ρ.
454 875 742 931 LXXVII,
786 875 965 922 Vsener
995 876 1050 923 in
1082 878 1170 922 act.
1204 889 1272 922 ac.
1298 874 1487 923 Bavar.
1521 890 1565 922 a.
1603 876 1745 923 1893
1768 890 1821 935 p.
1860 877 1980 931 601,
2011 875 2074 923 al.

383 958 504 1018 227,
533 958 614 1004 19.
671 955 744 1017 Cf.
780 959 980 1017 praeter
1012 955 1149 1011 alios,
1188 956 1317 1003 velut
1356 957 1600 1017 Vhliyium
1632 958 1660 1004 l.
1693 971 1730 1004 s.
1762 971 1798 1004 s,
1823 972 1878 1017 p.
1911 958 1983 1005 78
2017 961 2059 1005 et
2088 957 2410 1015 LXXVIII,

226 1039 467 1098 imprimis
510 1038 690 1086 Vsener
720 1038 749 1085 l.
783 1053 820 1085 3.
853 1052 890 1085 S.
915 1053 969 1098 p.
1007 1037 1112 1085 598
1129 1052 1250 1097 sqq„
1282 1040 1367 1098 qui
1398 1038 1547 1086 altero
1590 1040 1856 1087 testimonio
1891 1040 2165 1099 principali
2195 1038 2409 1088 adhibito

227 1134 283 1168 ex
303 1123 450 1179 parte
481 1121 658 1168 rectius
689 1135 837 1180 quam
878 1119 1155 1167 Wilmanns
1186 1118 1342 1167 locum
1373 1121 1742 1167 reconcinnavit.

378 1209 499 1268 228,
527 1210 572 1257 8.
617 1208 690 1268 Cf.
726 1208 906 1257 Vsener
927 1208 1106 1256 ibidem
1127 1222 1182 1267 p.
1212 1208 1319 1255 642
1342 1208 1455 1255 adn.
1485 1209 1532 1263 3,
1566 1210 1650 1268 qui
1683 1223 1737 1255 ex
1769 1208 1855 1255 hoc
1888 1209 1984 1255 loco
2016 1222 2048 1256 a
2082 1208 2409 1257 Wilmannsio

229 1291 403 1338 omisso
436 1290 795 1350 dispositionem
829 1290 942 1336 libri
982 1288 1284 1336 Varroniani
1314 1291 1596 1348 recuperari
1617 1303 1762 1349 posse
1792 1291 1990 1337 monuit.

378 1371 500 1431 228,
529 1372 609 1418 13.
655 1369 728 1429 Cf.
761 1370 889 1417 idem
920 1369 1110 1417 ibidem.

380 1454 502 1514 229,
530 1453 612 1500 12.
658 1451 731 1511 Cf.
755 1450 939 1500 Schoell
964 1452 1097 1511 apud
1119 1450 1427 1499 Bertschium
1454 1447 1698 1499 ‘Gledonii
1730 1466 1814 1500 ars
1836 1446 1928 1512 qr?
1956 1452 2025 1500 ed.
2058 1466 2104 1499 a.
2133 1452 2276 1500 1884
2299 1467 2353 1513 p.
2382 1455 2412 1500 1

227 1538 269 1583 et
298 1550 341 1583 v.
365 1538 479 1595 post
521 1534 903 1582 Wilmannsium
943 1533 1123 1581 Vsener
1155 1533 1182 1579 l.
1215 1546 1252 1580 s.
1285 1546 1322 1579 s.
1346 1547 1400 1592 p.
1439 1533 1557 1581 626.

378 1617 500 1677 229,
530 1617 611 1662 14.
657 1615 730 1675 Cf.
774 1615 954 1663 Vscner
985 1615 1163 1662 ibidem
1185 1629 1238 1674 p.
1276 1615 1395 1662 642.

376 1698 499 1758 229,
527 1697 609 1745 15.
653 1696 727 1756 Cf.
772 1696 952 1745 Vsener
974 1711 1028 1755 p.
1066 1697 1184 1743 624.
1221 1697 1325 1743 641
1343 1710 1409 1756 sq.

377 1780 498 1841 230,
527 1778 609 1825 16.
649 1778 765 1825 Non
795 1779 916 1825 satis
947 1777 1277 1837 intellegimus,
1305 1792 1391 1824 cur
1414 1778 1504 1825 alii
1528 1791 1635 1825 oum
1650 1778 1907 1826 Ritschelio
1928 1775 2099 1837 Opusc.
2117 1777 2223 1824 III
2229 1792 2283 1838 p.
2303 1778 2414 1825 380

224 1862 309 1908 hoc
339 1861 667 1920 fraymentum
700 1860 821 1909 libro
853 1859 944 1907 IV
970 1860 1027 1907 de
1055 1861 1338 1919 yeometria,
1370 1859 1459 1906 alii
1479 1861 1648 1919 potius
1679 1859 1800 1908 libro
1836 1860 1881 1906 V
1910 1858 1967 1907 de
1998 1860 2296 1907 arithmetica
2327 1860 2412 1906 tri-

229 1943 443 1990 buerint.-
473 1956 591 1989 nam
619 1943 905 2001 yemnetrica
936 1943 1064 1989 ratio
1087 1943 1142 1989 in
1165 1944 1453 1988 transcursu
1477 1945 1886 1997 commemoratur,
1918 1943 2079 2001 ipsum
2099 1944 2413 2002 praeceptum

225 2026 474 2072 metricum
507 2027 574 2071 est
601 2023 895 2083 simpliciter.

379 2114 502 2173 230,
529 2114 612 2160 24.
663 2112 756 2159 Vix
781 2112 999 2160 dubitari
1021 2115 1180 2172 potest
1201 2113 1319 2170 quin
1342 2112 1459 2159 haec
1482 2112 1549 2159 ad
1571 2111 1750 2158 librum
1783 2112 1840 2158 de
1867 2113 2191 2172 yrammatica
2214 2112 2415 2159 redeant

227 2209 335 2242 cum
356 2197 558 2254 propter
588 2194 734 2241 verba
756 2195 1037 2254 praemissa
1072 2193 1182 2242 GL.
1218 2193 1332 2241 VII
1355 2194 1479 2249 213,
1508 2196 1578 2241 10
1623 2187 1906 2259 (dicendum
1937 2194 2075 2255 prius
2108 2194 2183 2241 est
2214 2192 2272 2241 de
2305 2195 2412 2241 arte

227 2276 556 2339 grammatica
589 2291 714 2336 quae
748 2277 822 2322 est
853 2274 1090 2323 videlicet
1122 2274 1260 2338 origo
1294 2276 1343 2321 et
1384 2273 1762 2322 fundamentum
1793 2274 2075 2322 liberalium
2105 2267 2410 2340 litterarum)

229 2361 331 2405 tum
352 2360 556 2418 propter
588 2357 741 2404 locum
763 2357 1066 2417 parallelum
1092 2356 1202 2404 GL.
1227 2356 1267 2403 I
1286 2357 1407 2411 421,
1435 2358 1466 2403 4
1493 2358 1524 2404 i.
1552 2371 1588 2404 e.
1623 2370 1678 2404 ex
1709 2357 1822 2404 libri
1852 2358 2006 2412 initio,
2038 2370 2177 2415 quem
2205 2358 2415 2404 maxime

226 2439 343 2487 illuc
373 2440 586 2499 spectare
618 2439 965 2487 demonstravit
1004 2439 1196 2486 Vscner.

381 2528 504 2589 231,
530 2528 577 2574 4.
622 2527 696 2588 Cf.
728 2528 1067 2589 stenhardt
1096 2529 1151 2576 in
1172 2528 1337 2587 praef.
1371 2527 1594 2576 editionis
1623 2528 1778 2576 Mart.
1807 2527 1925 2588 Cap.
1950 2542 2003 2589 p.
2035 2527 2163 2575 LII.

379 2610 501 2670 231,
528 2610 573 2656 6.
627 2610 705 2657 De
748 2611 893 2657 huius
926 2611 1176 2670 praecepti
1218 2611 1401 2670 oriyine
1444 2609 1761 2657 Varroniana
1793 2624 1850 2657 ex
1879 2611 2073 2658 nomine
2105 2609 2318 2656 Tremeli
2359 2609 2413 2656 in

228 2693 325 2739 loco
348 2691 592 2751 parallelo
625 2690 691 2751 (v.
723 2690 916 2751 testim.)
948 2691 1201 2750 firmanda
1233 2692 1291 2752 cf.
1324 2691 1554 2739 Heraeus
1583 2689 1730 2739 Arch.
1764 2691 1901 2739 XIV
1922 2706 1977 2752 p.
2013 2692 2133 2739 466.

379 2774 501 2834 233,
527 2775 574 2821 5.
625 2770 709 2820 Ad
739 2772 1048 2837 primogenia
1090 2774 1303 2834 formam
1343 2774 1483 2820 iuoeta
1525 2773 1825 2836 primigenia,
1855 2773 1931 2821 hic
1974 2775 2217 2821 servatam
2248 2771 2307 2831 cf.
2339 2772 2414 2819 in-

227 2856 534 2915 scriptionem
579 2854 951 2903 Praenestinam
999 2851 1129 2902 ‘Not
1177 2855 1223 2902 d.
1270 2849 1429 2903 scavi’
1478 2867 1523 2901 a.
1561 2855 1703 2902 1907
1727 2869 1780 2915 p.
1818 2855 1925 2902 686
1966 2856 2010 2901 et
2053 2855 2107 2902 in
2136 2852 2414 2902 Schneideri

228 2936 483 2996 Exemplis
517 2937 664 2984 108².

381 3025 504 3085 233,
532 3025 598 3072 19
612 3039 679 3084 sq.
724 3023 905 3073 Contra
920 3023 1359 3079 Reitzensteiniwm,
1394 3025 1478 3084 qui
1508 3024 1594 3071 hoc
1627 3038 1683 3071 ex
1712 3023 1834 3071 libro
1866 3023 2076 3085 quodam
2095 3024 2416 3084 grammatico

238 3105 476 3154 Varronis
507 3106 772 3161 derivabat,
805 3105 1070 3154 Buecheler
1101 3106 1236 3165 apud
1266 3104 1587 3153 Funaioliwm
1617 3107 1803 3153 monuit
1834 3105 1999 3153 devito
2031 3119 2140 3153 cum
2169 3106 2413 3164 infinitivo

227 3187 363 3235 illius
396 3200 495 3235 esse
523 3201 623 3235 non
644 3201 789 3248 posse
819 3200 905 3235 nec
925 3186 1122 3247 plaeere
1146 3186 1341 3243 dubito,
1371 3185 1501 3234 imde
1522 3186 1598 3234 hic
1627 3187 1753 3234 inter
1783 3187 1917 3247 falsa
1939 3186 2108 3246 posuit
2130 3180 2412 3233 ‘sententiis’

231 3268 460 3317 tribuens.
500 3266 570 3316 At
593 3283 701 3317 cwm
731 3269 940 3328 fortasse
970 3268 1029 3316 de
1055 3269 1167 3316 veto
1191 3267 1265 3317 vel
1297 3268 1414 3316 adeo
1439 3266 1497 3315 de
1527 3265 1702 3314 devoto
1736 3268 1989 3328 composito
2021 3268 2228 3326 coqitare
2248 3268 2415 3328 possis

229 3352 333 3397 twm
365 3351 508 3398 etiam
537 3351 591 3398 in
622 3350 821 3411 reliquis
851 3351 1139 3411 fraymentis
1165 3349 1499 3410 yrammaticis
1529 3347 1664 3395 haud
1692 3361 1863 3408 pauca
1895 3350 2094 3403 exstant,
2125 3361 2248 3409 quae
2287 3347 2413 3396 Var-

227 3433 363 3479 ronis
395 3431 587 3481 dicendi
616 3432 731 3480 usui
761 3433 959 3480 minime
990 3431 1332 3493 respondeant,
1365 3445 1474 3478 cum
1504 3432 1664 3478 tamen
1702 3431 1813 3490 ipsa
1843 3431 2077 3478 sententia
2109 3432 2152 3476 et
2181 3442 2238 3477 ex
2266 3431 2415 3490 parte

228 3514 373 3560 etiam
410 3514 521 3574 ipsa
551 3514 699 3562 verba
734 3513 1049 3561 Varroniana
1085 3513 1185 3560 sint
1219 3512 1549 3561 nihilominus.
1604 3510 1909 3572 Quamquam
1938 3524 2042 3559 rem
2072 3510 2272 3560 dubiam
2313 3523 2417 3558 esse

226 3595 325 3654 ipsi
353 3596 579 3655 fatemur.

379 3684 503 3745 233,
529 3684 614 3732 23.
652 3683 763 3732 Hoc
793 3697 977 3744 quoque
1012 3683 1341 3743 fraymentwm
1371 3696 1481 3731 cum
1514 3682 1839 3731 Wilmannsio
1872 3679 1941 3741 (et
1967 3679 2257 3741 Funaiolio)
2287 3693 2414 3728 rece-

221 3765 408 3824 pimus,
441 3765 527 3813 etsi
549 3764 767 3813 dubitari
787 3765 960 3825 possit,
983 3767 1151 3813 utrum
1174 3789 1244 3798 -
1266 3766 1468 3825 propter
1490 3763 1639 3812 verba
1659 3778 1749 3826 per
1773 3762 2134 3812 antistoechum
2155 3787 2230 3796 —
2248 3774 2413 3823 yram-
