2600 4198
291 165 400 219 250
1146 163 1614 210 ADNOTA'PIONES

443 307 527 366 15,
554 308 600 353 2.
641 305 877 354 sacellum
900 304 1159 367 Volupiae.
1199 303 1470 352 Velabrum
1504 305 1691 354 G'ilbert
1721 301 1910 355 ‘Gesclu
1942 323 1989 354 u.
2020 302 2153 367 Top.’
2177 321 2231 366 p.
2261 307 2342 356 56.

443 389 527 447 15,
553 389 598 435 4.
650 387 807 435 Verba
855 386 1038 434 dicitur
1070 423 1080 433 .
1116 425 1125 432 .
1161 423 1169 431 .
1206 401 1315 434 aere
1362 387 1467 434 secl.
1503 385 1565 434 A.
1594 386 1677 446 Sp.
1725 389 2010 436 assentiente
2053 389 2278 445 MaraeiO,
2323 389 2470 438 verba

292 484 473 517 merces
508 506 518 516 .
546 507 554 514 .
584 506 593 515 .
628 483 740 515 aere
770 483 870 515 van
902 467 987 514 der
1020 467 1144 515 Vliet
1183 468 1455 528 Woelfflini
1479 467 1625 516 Arch.
1654 469 1706 515 X
1729 483 1778 528 p.
1810 471 1891 517 16.

443 558 525 618 15,
553 559 598 604 7.
643 556 716 616 Cf.
743 556 960 604 Huelsen
992 556 1125 603 Mus.
1158 557 1303 604 Rhen.
1332 556 1521 603 XLIX
1551 555 1744 617 (1894)
1768 573 1821 617 p.
1850 559 1955 605 413
1972 572 2056 617 sq„
2087 558 2324 606 Mu-eneer
2353 558 2469 607 ibid.

290 639 444 687 LIII
468 638 662 699 (1898)
688 653 740 698 p.
770 639 891 694 603,
926 637 1165 685 Wissowa
1197 632 1330 685 ‘Ges
1363 634 1629 685 Abhamdlss
1657 654 1707 698 p.
1741 640 1866 695 212,
1894 642 1922 686 1
1958 643 2001 687 et
2031 642 2223 698 21939.

445 723 528 781 15,
557 721 639 767 12.
684 719 757 780 Of.
785 720 1045 767 Bormann
1078 714 1315 766 ‘Eranos’
1350 717 1583 778 (Vindob.
1621 719 1786 779 1903)
1811 735 1865 779 p.
1900 721 2008 768 350
2039 722 2151 769 adn.

443 803 526 862 15,
555 803 637 850 17.
679 800 952 849 Caeliolum
983 802 1310 848 servavimus:
1341 801 1411 847 sic
1440 815 1581 847 mons
1613 800 1867 848 Ianiculus
1901 804 1943 849 et
1979 801 2269 850 Ianiculum.

446 885 528 944 15,
557 884 638 930 18.
684 882 758 942 C'f.
794 883 1033 931 Wissowa
1064 881 1165 929 Sat.
1203 881 1370 929 Viadr.
1395 897 1447 941 p.
1478 883 1574 938 13,·
1609 882 1795 930 Gilbert
1827 877 2013 930 ‘Gemi
2046 898 2093 932 u.
2124 879 2257 943 Top.’
2275 897 2329 943 p.
2354 886 2471 930 177.

442 966 525 1024 15,
553 967 635 1012 20.
686 964 820 1024 Quae
851 965 909 1011 de
940 962 1215 1024 Argeorum
1245 963 1480 1011 sacrariis
1513 963 1820 1023 adferuntur,
1852 965 1918 1011 ad
1948 965 2146 1012 verbum
2178 966 2472 1025 transcripta

291 1062 390 1096 esse
422 1061 665 1095 censemus
700 1061 754 1092 σευ
796 1045 1034 1093 Varronis
1065 1060 1229 1092 rerum
1259 1045 1567 1092 urbanarum
1598 1045 1737 1093 libris
1767 1045 1840 1093 vet
1882 1061 1937 1093 (³oe
1975 1047 2095 1105 ipsis
2139 1045 2277 1094 libris
2315 1047 2472 1106 ponti-

288 1131 415 1188 ficiis
441 1129 522 1188 (cf.
553 1129 791 1176 Wissowa
811 1123 942 1175 ‘Ges
960 1123 1225 1174 Abhandl.'
1244 1142 1298 1186 p.
1316 1128 1428 1174 212
1444 1149 1499 1163 =
1521 1122 1858 1187 ‘Realencya’
1883 1142 1919 1175 s.
1946 1126 2099 1190 Argei
2135 1129 2254 1183 689,
2283 1127 2474 1175 Iordan

295 1212 494 1270 Topoyr.
529 1210 601 1256 II
626 1224 680 1268 p.
706 1211 830 1263 267,
863 1208 1110 1255 Preibisch
1152 1209 1329 1268 fraym.
1375 1207 1481 1255 libr.
1523 1210 1694 1268 pontif.
1720 1224 1773 1268 p.
1812 1208 1964 1269 639).
2020 1209 2157 1269 Quod
2197 1210 2473 1257 recentioris

294 1294 466 1339 aetatis
498 1292 698 1339 colorem
721 1305 848 1349 prae
878 1303 928 1336 se
967 1285 1138 1351 ferunt
1178 1290 1366 1348 formae
1408 1289 1543 1348 lonye
1577 1290 1842 1348 plurimae,
1876 1305 1984 1337 eum
2018 1291 2256 1339 Wissowa
2287 1294 2330 1338 et
2361 1291 2473 1338 aliis

289 1376 357 1421 ita
391 1375 781 1432 interpretamur,
812 1373 868 1417 ut
897 1385 1042 1418 sacra
1065 1369 1339 1430 Aryeorum
1368 1385 1468 1417 non
1499 1373 1598 1418 tam
1629 1375 1812 1419 vetusta
1847 1385 1944 1419 esse
1975 1386 2120 1430 quam
2151 1373 2316 1419 multis
2347 1371 2474 1418 vide-

290 1457 469 1502 bantur
484 1457 772 1502 statuamus.
812 1453 889 1500 De
913 1453 1119 1512 sinyulis
1136 1452 1428 1512 quibusdum
1451 1453 1623 1510 formis
1650 1455 1742 1513 eyit
1756 1453 1920 1500 Havet
1937 1449 2217 1501 ‘Me'moires
2234 1454 2292 1501 de
2316 1454 2364 1501 Ia
2380 1467 2471 1500 soe.

291 1537 348 1584 de
373 1532 586 1597 Zinyufl
598 1536 695 1595 Vp.
715 1536 821 1582 234
833 1549 901 1594 39.
921 1561 989 1566 ——-
1008 1533 1082 1593 Cf.
1098 1534 1373 1594 Mommsen
1389 1528 1748 1580 ‘Staatsr.'III
1770 1537 1797 1581 1
1808 1549 1860 1593 p.
1883 1535 1987 1581 124
2016 1538 2057 1581 et
2077 1534 2312 1582 Wissowa
2338 1535 2367 1581 l.
2383 1549 2419 1582 3.
2435 1549 2472 1582 3.

442 1626 524 1684 15,
553 1626 636 1671 22.
683 1623 755 1684 Of.
792 1622 981 1671 Gilbert
1012 1618 1201 1671 ‘Gesclu
1234 1637 1283 1669 u.
1312 1618 1447 1682 Top.'
1474 1637 1526 1681 p.
1554 1624 1678 1670 217.

440 1707 523 1766 16,
552 1708 597 1753 6.
639 1699 954 1768 Subura<m>
983 1705 1222 1752 Wissowa
1255 1703 1438 1764 (tacite)
1474 1705 1500 1750 l.
1533 1718 1572 1751 3.
1605 1718 1641 1751 3.

440 1789 522 1848 16,
551 1789 631 1835 13.
672 1786 823 1834 vicini
855 1788 938 1834 vix
967 1788 1090 1833 recte
1121 1788 1306 1833 tutatur
1338 1786 1468 1834 Ellis
1501 1787 1529 1834 Z.
1562 1799 1599 1834 s,
1633 1800 1670 1833 3.
1695 1801 1746 1846 p.
1783 1786 1891 1833 355
1923 1789 2171 1845 tamquam
2202 1786 2473 1842 locativum,

290 1874 344 1917 ut
373 1869 579 1931 vesperi.
621 1867 729 1916 An:
759 1867 1007 1917 viciniae?

440 1952 523 2012 16,
553 1952 632 1998 15.
674 1951 831 1998 vincit
853 1963 949 2008 pro
981 1964 1082 1996 una
1115 1951 1190 1996 est
1214 1949 1340 1996 Boot
1364 1950 1390 1996 l.
1417 1964 1454 1996 3.
1479 1964 1515 1996 s.
1541 1965 1593 2009 p.
1622 1952 1727 1996 410
1760 1948 1835 2009 (at
1865 1951 1924 2009 cf.
1950 1949 2107 1996 virtus
2139 1965 2240 1996 una
2272 1949 2473 1997 domina

289 2037 363 2082 est
395 2033 529 2093 apud
564 2032 838 2081 Ciceronem
876 2029 1187 2090 similiaque).
1258 2046 1438 2078 numen
1480 2033 1553 2078 est
1588 2030 1775 2079 Gilbert
1807 2027 1994 2078 ‘Gesclu
2027 2046 2073 2077 u.
2112 2026 2244 2090 Top.'
2271 2046 2323 2090 p.
2354 2033 2473 2078 174.

440 2138 523 2198 16,
553 2137 635 2184 18.
689 2136 805 2183 Non
837 2135 946 2183 ouls
978 2149 1086 2181 cum
1116 2134 1372 2189 MuellerO,
1408 2135 1492 2182 sed
1533 2135 1610 2181 uls
1644 2148 1699 2182 ex
1738 2134 1844 2182 ouis
1890 2129 1943 2199 (i.
1980 2150 2017 2183 e.
2050 2130 2225 2199 <o>vis
2269 2136 2342 2182 vel
2371 2112 2471 2201 ι813)

290 2219 596 2279 efficiendum
644 2232 742 2266 esse
787 2217 974 2264 monuit
1004 2216 1231 2275 Lindsay
1279 2216 1337 2263 de
1380 2216 1409 2263 l.
1444 2217 1472 2263 l.
1507 2216 1594 2262 IX
1628 2216 1695 2263 56
1729 2212 1797 2279 (p.
1835 2218 1940 2264 683
1971 2215 2141 2275 vers.).·
2189 2218 2247 2276 ef.
2282 2212 2473 2277 ‘Indoffi

288 2296 504 2349 Forsch?
539 2300 645 2347 III
659 2315 712 2359 p.
739 2301 869 2348 271.

443 2384 525 2443 17,
553 2383 598 2429 5.
639 2382 738 2428 Pro
770 2394 855 2444 are
887 2381 960 2428 vel
994 2394 1081 2426 ara
1115 2381 1189 2427 est
1223 2372 1303 2444 (ε
1338 2394 1424 2425 ara
1460 2371 1509 2445 e)
1542 2380 1616 2426 vel
1648 2394 1735 2426 ara
1769 2379 1871 2427 eius
1913 2382 1989 2428 ten
2020 2379 2196 2435 Brinls,
2227 2379 2309 2439 Sp.

444 2466 527 2524 17,
556 2466 600 2512 6.
646 2463 719 2522 Of.
745 2461 1058 2521 Krumbieqel
1080 2476 1133 2520 p.
1164 2461 1244 2509 56.

441 2547 524 2606 17,
554 2547 635 2593 11.
681 2544 754 2605 Of.
781 2544 999 2591 Huelsen
1031 2544 1166 2591 Mus
1200 2542 1351 2590 Rlien.
1389 2542 1580 2589 XLIX
1609 2541 1803 2603 (1894)
1826 2558 1879 2603 p.
1919 2545 2021 2590 414
2059 2546 2101 2591 et
2133 2536 2476 2604 ‘Realeneyclff

286 2643 323 2675 3.
358 2627 637 2689 Apollinar,
670 2626 809 2674 Diels
842 2621 1025 2686 ‘Sibyla
1059 2619 1159 2671 Bi?
1185 2639 1238 2684 p.
1274 2625 1358 2680 82,
1388 2626 1433 2687 1,
1465 2622 1768 2671 Studemund
1797 2625 1969 2672 Philet.
1998 2624 2096 2671 XL
2109 2624 2255 2672 VIII
2270 2639 2324 2684 p.
2353 2625 2474 2680 174,

274 2707 418 2756 Aust
448 2709 493 2756 d.
527 2708 631 2756 aed.
663 2722 788 2755 saer.
812 2722 865 2767 p.
904 2707 986 2762 50,
1010 2709 1055 2753 1.

435 2791 550 2838 ibid.
592 2791 665 2838 est
697 2788 962 2850 Apollinar
994 2788 1063 2835 cis
1096 2787 1321 2835 Mueller.

441 2873 635 2933 17,14.
686 2870 922 2918 Formam
968 2869 1250 2916 Instelanus
1298 2868 1511 2927 defendit
1556 2867 1754 2917 Schulze
1791 2883 1843 2928 p.
1880 2870 1988 2917 182
2034 2870 2146 2916 adn.
2187 2869 2224 2917 2
2267 2867 2474 2928 neglecto

288 2955 553 3002 testimonio
588 2954 810 3012 epitomes
843 2943 1165 3017 (instegano),
1197 2950 1324 3009 quod
1353 2951 1666 2997 mutationem
1698 2950 1995 2997 lenissimam
2025 2951 2293 3009 confirmat.

441 3036 634 3095 18,12.
686 3034 972 3081 nominatae
1014 3034 1315 3079 servavimus
1358 3046 1467 3079 cum
1508 3031 1746 3087 Vahleno:
1790 3031 1969 3079 dictum
2012 3033 2093 3086 est,
2137 3034 2192 3078 ut
2223 3027 2354 3078 ‘acta
2398 3033 2473 3079 est

295 3111 528 3165 Stichus'.

442 3198 525 3257 19,
552 3198 598 3245 3.
653 3189 968 3261 Aegypti(i)s
1019 3194 1178 3243 Oanal
1225 3197 1268 3242 et
1304 3193 1385 3254 Sp.
1422 3197 1688 3253 praeeunte
1731 3193 1792 3242 ab
1824 3194 2087 3257 Aegyptiis
2122 3194 2358 3242 Turnebo.
2401 3220 2463 3226 —

289 3279 587 3341 Arpocrates
626 3279 766 3326 unice
803 3291 972 3325 verum
1003 3276 1077 3324 W.
1099 3275 1296 3325 Schulze
1333 3277 1389 3323 in
1418 3275 1609 3322 Kuhnii
1639 3274 1744 3323 Act.
1777 3276 1866 3323 vol.
1895 3275 2156 3322 XXXIII
2172 3290 2224 3335 p.
2250 3276 2362 3325 233
2373 3288 2470 3335 399.

290 3364 496 3409 tutatum
528 3374 627 3408 3333
657 3360 843 3407 monuit
871 3357 950 3406 Sk.
995 3357 1069 3417 Of.
1094 3357 1352 3405 Friedrich
1384 3356 1450 3404 ad
1485 3354 1588 3404 Cat.
1625 3358 1746 3413 102,
1764 3359 1811 3404 4.

442 3450 526 3510 19,
551 3451 598 3496 4.
637 3451 777 3497 tutus
811 3441 907 3514 (vel
940 3441 1140 3513 cautus)
1173 3462 1282 3494 eam
1318 3444 1490 3494 Ganal.
1524 3447 1849 3494 conticescam
1880 3443 2172 3494 Antonibon.
2224 3446 2471 3494 tacescam

290 3532 363 3579 vel
394 3533 696 3579 attacescam
727 3530 858 3578 Ellis
890 3531 919 3577 l.
951 3543 988 3576 3.
1021 3543 1058 3577 3.
2449 3513 2453 3519 ’

442 3614 526 3675 19,
554 3614 600 3660 7.
651 3611 715 3660 ad
757 3614 958 3674 portum
1001 3625 1109 3658 cum
1139 3609 1382 3657 Salmasio
1412 3606 1552 3655 multi
1591 3606 1669 3667 (ut
1706 3610 1822 3656 ante
1853 3610 2055 3670 portum
2095 3603 2214 3672 [pro
2246 3603 2466 3670 portam]

290 3693 474 3742 Daniel
505 3694 639 3753 apud
667 3692 850 3747 Serv.).·
881 3694 940 3752 cf.
978 3691 1138 3741 Oanal
1159 3706 1214 3751 p.
1240 3692 1349 3738 366
1363 3703 1432 3750 39.

442 3776 525 3837 19,
554 3776 736 3836 19399.
779 3773 853 3834 Of.
887 3773 1074 3823 Vahlen
1109 3771 1279 3832 Opusc.
1313 3771 1450 3819 acad.
1484 3770 1556 3818 II
1571 3785 1623 3831 p.
1654 3772 1774 3819 480.

2513 0 2600 278 1
