2600 4198
998 174 1471 221 ADNOTATIONES
2213 178 2322 230 259

294 318 376 378 50,
407 318 473 365 18
491 330 587 377 sqq.
627 316 745 364 lecti
770 316 901 377 quod
921 330 1020 376 pro
1043 317 1243 365 lecticas
1264 317 1416 373 Zurn,
1440 318 1567 376 quod
1590 318 1765 378 recepit
1791 316 1964 374 Canai,
1995 321 2115 365 recte
2141 318 2324 366 lectum

141 398 391 457 requirens
421 398 478 445 ob
509 398 656 446 verba
686 399 784 446 nisi
816 437 825 446 .
862 436 872 446 .
907 437 915 445 .
949 395 1147 463 λέκτρον
1178 398 1363 446 lectum
1392 398 1559 460 potius
1583 399 1737 458 plane
1766 401 2104 446 necessarium.
2148 399 2325 460 Quam-

140 494 288 540 quam
320 481 423 527 eius
453 481 629 527 mentio
660 481 823 527 statim
854 480 916 528 ab
957 480 1096 527 initio
1140 480 1384 528 inicienda
1417 482 1522 527 erat
1561 483 1603 527 et
1632 494 1740 527 cum
1770 481 1975 528 lecticae
2006 481 2326 540 oriyinatione

140 561 448 617 conectenda‚
494 561 636 621 idque
682 561 890 608 suadent
933 563 1204 609 testimonia
1249 562 1375 609 idem
1423 563 1610 622 etymon
1654 564 1906 621 utriusque
1951 563 2171 610 vocabuli
2207 576 2323 622 pro-

139 642 360 702 ferentia.
401 642 526 690 Mox
550 641 751 689 sublicis
774 657 871 703 pro
903 642 1127 690 sublimis
1157 641 1330 698 Canal,
1360 657 1460 690 non
1489 645 1625 699 recte,
1658 658 1765 690 cum
1796 643 1848 690 in
1879 643 1955 690 his
1978 647 2093 702 post
2122 644 2324 691 sublicis

138 727 269 770 stare
298 726 505 783 nequeat
535 727 579 771 et
617 725 703 771 hoc
725 726 894 784 potius
925 739 1072 784 quam
1104 724 1328 771 sublimis
1362 724 1587 784 offendat.
1643 724 1861 772 Ceterum
1892 725 2069 772 lectica
2099 726 2184 772 hoc
2225 726 2324 773 loeo

138 818 236 851 non
266 805 438 852 sellam
465 807 778 863 qestatortam
807 807 1066 866 siqnifficat,
1098 806 1181 852 sed
1211 806 1330 852 lecti
1361 820 1515 867 genus
1548 807 1811 853 castrensis
1846 800 2118 871 (‘cumbam
2152 805 2324 854 Sabini

138 888 319 934 vocant
350 901 460 933 eam
492 900 667 947 quam·
701 887 1004 934 militares
1045 882 1342 934 lecticam'
1375 887 1518 934 Paul.
1557 890 1639 944 64,
1670 881 1786 953 15),
1818 889 1965 948 quod,
2007 904 2067 934 ne
2099 889 2151 933 in
2191 890 2324 935 terra

139 970 281 1023 esset,
304 969 462 1016 nescio
488 969 566 1015 cui
595 968 752 1028 fulcro
787 970 1143 1028 imposuerunt,·
1173 970 1231 1027 cf.
1257 969 1489 1016 lecticula
1519 969 1872 1025 lucubratoria,
1898 983 2042 1027 quam
2066 968 2325 1016 Suetonius

138 1047 288 1110 (ΑΨ).
317 1049 409 1109 78)
442 1053 788 1098 commemorat.
828 1049 970 1098 Adde
996 1050 1209 1111 ylossam
1239 1052 1491 1098 nominum
1515 1051 1587 1097 II
1611 1053 1732 1107 586,
1761 1053 1792 1098 9
1824 1051 2000 1098 lectica
2031 1050 2215 1098 lectum
2248 1052 2325 1099 vel

136 1131 401 1187 ferculum,
434 1146 557 1190 quae
590 1147 646 1179 ew
676 1133 765 1179 tali
796 1146 1022 1192 expressa
1055 1135 1145 1179 est:
1175 1132 1353 1179 lectica
1383 1129 1580 1197 λέκτρον
1612 1131 1692 1180 καὶ
1727 1136 1943 1197 φορεῖον.
1991 1133 2093 1180 Nec
2115 1146 2326 1191 prorsus

137 1213 372 1268 alienum,
420 1213 547 1272 quod
593 1213 792 1269 cubilia,
840 1216 893 1260 in
933 1215 1107 1274 quibus
1154 1228 1244 1261 oca
1284 1214 1583 1274 deponebant
1624 1215 1862 1274 yallinae,
1902 1214 2158 1262 lecticulas
2201 1215 2325 1262 dimit

135 1292 377 1353 Apuleius
406 1298 510 1342 met.
545 1295 633 1341 IX
661 1296 745 1343 33.

287 1385 372 1443 51,
398 1385 444 1433 4.
500 1383 572 1443 Of.
606 1384 919 1444 Krumbiegyel
952 1400 1004 1444 p.
1042 1387 1124 1440 71,
1171 1386 1254 1444 qui
1295 1386 1510 1444 defendit
1538 1386 1787 1445 vulssatam
1819 1385 1905 1432 ubi
1948 1386 2104 1433 lectus
2136 1386 2322 1433 mortui

135 1464 295 1512 fertur
310 1466 392 1512 vix
414 1467 679 1525 ferendam.
721 1464 850 1522 fitur,
876 1466 1002 1524 quod
1016 1466 1254 1526 pleraque
1270 1468 1553 1526 apoyrapha
1576 1468 1751 1514 babent
1772 1469 2023 1527 ipsumque
2036 1467 2323 1515 Fhabuisse

128 1547 579 1605 probabilissimum
607 1550 675 1595 est
701 1573 764 1579 —
793 1562 912 1595 nam
936 1551 978 1594 et
1000 1549 1149 1595 nimis
1172 1562 1315 1609 saepe
1340 1550 1461 1596 tacet
1482 1549 1557 1595 Fv
1590 1551 1633 1596 et
1663 1550 1724 1596 ab
1756 1550 2141 1608 inte3m20lationis
2163 1551 2322 1609 suspi-

136 1629 270 1675 cione
300 1629 416 1675 haec
445 1630 607 1687 forma
640 1629 942 1677 alienissima
972 1656 1045 1662 —
1077 1631 1336 1677 obscurare
1365 1630 1631 1687 noluimus,
1664 1646 1959 1690 quamquam
1990 1632 2112 1679 mire
2143 1632 2323 1679 dictum

136 1712 203 1757 est
240 1709 327 1756 ubi
365 1711 520 1758 lectus
561 1712 746 1759 mortui
783 1710 841 1758 fit
879 1704 1002 1775 (scil.
1043 1711 1246 1770 lectica,·
1288 1708 1358 1758 ‘in
1397 1708 1648 1759 lecticula’
1694 1713 1847 1759 elatus
1890 1716 1956 1759 est
1993 1711 2210 1760 Atticus:
2258 1714 2318 1772 cf.

134 1790 255 1850 Nep.
282 1784 394 1857 22),
428 1794 478 1838 in
512 1806 605 1852 quo
637 1794 719 1852 qui
750 1793 993 1853 offendent
1021 1792 1204 1840 lectum
1236 1793 1324 1840 ubi
1353 1794 1538 1841 mortui
1569 1794 1797 1841 feruntur
1829 1795 2084 1855 corriyant.

286 1881 370 1941 51,
398 1882 444 1930 5.
489 1880 562 1941 Cf.
596 1881 831 1929 Heidrich
862 1881 997 1929 Stud.
1027 1881 1226 1930 Vindob.
1256 1882 1363 1930 XV
1390 1882 1457 1942 (a.
1495 1883 1662 1943 1893)
1687 1898 1739 1943 p.
1776 1885 1896 1930 307.

281 1963 364 2024 51,
395 1965 476 2010 10.
517 1978 742 2026 gaunaca
773 1964 1055 2023 scripsimus
1086 1965 1256 2023 confisi
1288 1968 1331 2012 et
1358 1979 1537 2024 qraeea
1568 1965 1789 2012 vocabuli
1818 1966 1982 2024 forma
2015 1966 2095 2026 (cf.
2123 1965 2246 2026 test.)
2280 1970 2323 2014 et

128 2044 301 2103 qlossis
334 2045 412 2103 (in
444 2045 617 2105 quibus
649 2045 900 2105 pluralem
930 2045 1078 2093 latere
1108 2046 1445 2106 improbabile)
1456 2063 1472 2093 .·
1513 2061 1600 2094 nec
1631 2047 1787 2094 obstat
1824 2047 2059 2094 librorum
2089 2049 2322 2096 memoria

130 2149 201 2196 sic
243 2149 532 2208 explicanda
575 2125 868 2211 gaunaciim,
910 2150 1040 2196 unde
1083 2165 1393 2211 gaunacuma
1435 2152 1657 2198 immissa
1699 2154 1754 2198 ut
1794 2150 1915 2199 alibi
1959 2155 2233 2199 correctura
2265 2166 2321 2199 ex

132 2230 396 2289 eoeemplari
425 2231 615 2279 hausta.
660 2230 734 2290 Cf.
766 2231 993 2278 Heraeus
1029 2227 1154 2291 ‘Spr
1189 2232 1271 2280 des
1302 2228 1450 2279 Petr.’
1475 2248 1529 2292 p.
1567 2235 1636 2279 16
1669 2232 1782 2280 adn.

289 2319 374 2379 52,
402 2321 446 2367 1.
489 2314 590 2384 [in]
621 2315 908 2385 inferior[a]
941 2321 1073 2368 Ellis
1105 2321 1133 2368 l.
1166 2336 1204 2368 3.
1236 2336 1273 2368 3.
1298 2337 1351 2381 p.
1386 2322 1510 2369 359.

287 2401 372 2460 52,
399 2401 446 2447 2.
500 2400 586 2448 An
632 2401 826 2463 aliquot
871 2403 1178 2450 scribendum
1224 2403 1298 2450 vel
1335 2405 1503 2463 potius
1548 2405 1952 2465 intelleyenclum?
2000 2419 2092 2464 quo
2137 2409 2320 2464 recepto

132 2481 292 2528 multa
324 2497 434 2530 cum
464 2483 617 2531 Prisc.
641 2485 887 2543 proximis
917 2485 987 2532 sic
1018 2485 1277 2546 adiungas,
1308 2488 1363 2533 ut
1392 2484 1667 2546 distinyuas
1697 2488 1823 2534 inter
1854 2486 2099 2534 vocabula
2131 2488 2248 2534 sunt
2279 2490 2323 2534 et

130 2564 257 2611 aeris
292 2566 342 2611 et
374 2565 570 2628 argenti
600 2565 734 2613 haec.

284 2646 369 2706 52,
396 2645 443 2693 5.
488 2645 561 2705 Of.
593 2647 717 2694 Mue
749 2648 814 2694 ad
845 2648 974 2695 Fest.
1006 2648 1156 2695 Pauli
1179 2664 1233 2708 p.
1270 2650 1355 2704 98,
1384 2652 1428 2696 1.

281 2728 366 2787 53,
394 2728 439 2775 2.
479 2728 557 2776 De
581 2727 664 2776 des
688 2729 850 2787 forma
868 2731 927 2789 cf.
940 2727 1068 2777 Stolz
1081 2728 1229 2777 Arch.
1246 2729 1403 2777 XIII
1416 2732 1537 2786 106,
1553 2729 1754 2778 Skutsch
1773 2727 2168 2779 ‘Jahresbericht'
2190 2732 2280 2780 V6
2289 2731 2320 2779 5

132 2812 174 2856 et
206 2810 397 2856 cautius
427 2810 653 2858 iudicans
682 2809 900 2858 Solmsen
935 2807 1149 2859 ‘Unici-s.
1182 2826 1222 2859 z.
1251 2827 1325 2872 qr.
1360 2812 1516 2859 Laut—
1548 2828 1594 2859 u.
1632 2809 1803 2861 Versl.'
1827 2827 1881 2872 p.
1916 2815 2023 2861 211
2042 2829 2139 2873 sqq.

280 2891 365 2951 53,
392 2891 422 2938 8
440 2905 508 2951 sq.
549 2890 784 2939 sembella
816 2906 925 2939 cum
948 2892 1103 2940 Laeto
1127 2892 1425 2954 Bruymann
1460 2890 1595 2941 ‘Reiz
1620 2895 1665 2941 d.
1690 2893 1740 2942 S.
1770 2893 1878 2943 Ges.
1904 2897 1949 2943 cl.
1978 2891 2073 2943 W.’
2101 2910 2144 2943 a.
2176 2897 2316 2943 1901

129 2987 182 3033 p.
224 2974 297 3020 32
329 2975 372 3020 et
400 2987 508 3020 cum
539 2974 624 3020 hoc
658 2973 831 3021 Walde
860 2989 898 3022 3.
931 2989 972 3021 v.

289 3055 373 3115 53,
401 3056 483 3102 10.
536 3055 667 3116 quod
711 3055 800 3103 del.
832 3056 969 3112 Mue,
1012 3058 1069 3103 ut
1099 3055 1163 3104 A.
1180 3056 1288 3117 Sp:
1330 3072 1421 3118 quo
1454 3061 1614 3106 tamen
1645 3074 1786 3119 aeyre
1818 3074 1998 3107 careas.
2050 3060 2212 3106 Potuit
2254 3060 2320 3107 ad

139 3135 404 3196 exemplum
447 3149 612 3184 eorum
654 3151 777 3196 quae
809 3138 1113 3197 praecedunt
1153 3139 1332 3187 dicere:
1376 3140 1509 3201 quod
1549 3140 1749 3188 libellae
1793 3143 1972 3203 quarta
2014 3156 2145 3204 parS,
2188 3141 2320 3203 quod

139 3217 389 3279 quadrans
422 3217 561 3273 assiS,
592 3219 692 3266 nisi
721 3220 931 3267 orationi
960 3221 1234 3268 variandae
1264 3235 1462 3281 operam
1492 3222 1708 3270 dedisset.

288 3299 372 3359 53,
400 3299 466 3346 16
484 3313 552 3359 sq.
603 3299 843 3347 refectum
872 3301 1107 3350 Heidricli
1149 3301 1285 3350 Stud.
1320 3303 1521 3351 Vindob.
1549 3304 1659 3352 XV
1695 3303 1764 3364 (a.
1801 3304 1968 3365 1893)
2002 3320 2056 3365 p.
2092 3307 2213 3352 307.
2246 3331 2319 3337 —

140 3379 213 3441 Of.
245 3381 375 3429 idem
396 3395 564 3440 proqr.
587 3395 641 3440 p.
679 3380 762 3429 57.

287 3463 372 3524 54,
398 3463 444 3510 3.
487 3461 547 3509 ab
580 3462 751 3512 eadem
781 3466 946 3512 mente
975 3466 1172 3513 minime
1196 3467 1473 3526 defenditur
1496 3467 1665 3515 collato
1697 3467 1797 3515 loco
1824 3468 1905 3514 VI
1924 3470 2008 3523 44,
2040 3468 2124 3515 ubi
2155 3469 2319 3527 ayitur

136 3545 194 3591 de
227 3539 432 3600 ‘mente’,
463 3557 615 3603 neque
645 3548 766 3593 recte
795 3559 846 3594 se
875 3547 1017 3595 habet
1052 3551 1272 3606 sequente
1304 3547 1365 3595 ab
1398 3563 1479 3596 eo:
1518 3549 1691 3607 quodsi
1721 3563 1831 3597 cum
1860 3548 1941 3608 Sp.
1975 3551 2230 3609 coyitemus
2259 3549 2318 3597 de

135 3625 350 3674 delendis
379 3626 552 3682 verbiS,
595 3626 725 3674 unde
764 3628 1051 3688 irrepserint
1090 3629 1368 3677 haeremus:
1408 3630 1538 3676 unde
1568 3631 1855 3677 coniecimus
1887 3629 1948 3677 ab
1982 3629 2153 3677 eodem
2192 3622 2316 3695 (scil.

136 3701 350 3773 detritu)
382 3701 811 3771 <retri>mentum,
841 3709 1267 3757 intertrimentum
1299 3723 1335 3757 e.
1360 3725 1401 3770 q.
1425 3724 1463 3758 s.

287 3789 373 3849 54,
401 3790 480 3835 14.
521 3787 722 3850 praeda,
753 3790 794 3837 si
825 3788 886 3837 ab
918 3790 964 3839 h.
997 3804 1037 3838 c.
1059 3804 1156 3850 pro
1186 3791 1373 3852 praeda
1404 3792 1479 3839 est
1510 3791 1573 3838 ab
1604 3791 1650 3838 h.
1685 3807 1722 3840 c,
1756 3790 1921 3840 Reiter
1941 3806 1995 3851 p.
2023 3794 2057 3839 7
2072 3807 2138 3853 sq.

1875 3874 1958 3916 17*
