2600 4198
259 166 367 220 268
1109 165 1582 212 ADNOTATIONES

407 307 493 367 84,
514 309 558 354 7.
601 306 732 369 quod
757 323 814 355 ex
839 321 926 355 ore
953 307 1139 354 elatum
1161 306 1378 369 primum
1403 308 1479 355 est
1502 321 1670 355 osmen
1694 307 1881 357 dictum
1907 308 2172 358 Stoa-asser
2192 305 2437 360 valeres&

256 390 340 436 (les
370 384 969 450 Franz-Joseph-Gymn?
1004 403 1049 437 a.
1085 382 1393 453 1889s1890
1414 389 1471 448 p.
1506 388 1613 436 XX
1641 403 1750 437 oum
1778 389 1861 450 Sp.

408 479 494 538 84,
521 479 551 525 8
569 491 667 538 sqq.
707 477 1001 525 Incredibile
1023 491 1185 537 paene
1215 476 1405 525 videtur
1427 476 1542 525 inde
1573 478 1634 526 ab
1659 478 1820 535 Italis,
1844 479 2014 536 Laeto,
2038 479 2261 541 Scioppio
2291 495 2443 542 usque

257 559 324 607 ad
353 558 632 619 Spenqelios
663 560 878 619 aliosque
916 559 1018 618 fere
1037 572 1211 606 omnes
1240 573 1341 606 non
1372 562 1472 605 tam
1502 558 1761 607 credidisse
1802 560 2037 616 Varroni,
2068 561 2153 610 sed
2183 562 2443 612 obtrusisse

256 641 581 689 testimonium
626 655 725 688 non
766 641 905 688 modo
949 640 1076 696 olim,
1120 654 1289 688 verum
1320 653 1413 687 sua
1444 640 1588 688 etiam
1618 643 1772 688 aetate
1814 644 2056 690 scaenicos
2097 646 2442 691 osnamentum

256 723 446 771 dix-isse.
487 721 584 769 Sed
617 721 774 770 Varro
800 722 887 770 etsi
911 722 1100 781 formas
1122 723 1333 782 priscas,
1357 724 1413 768 ut
1435 736 1598 770 omnes
1617 722 1812 783 ylottici,
1836 723 1970 772 haud
1992 738 2109 772 raro
2134 739 2191 772 eoe
2214 726 2443 785 analoqia

257 819 404 865 quam
434 805 604 851 statuit
632 805 789 862 finxit,
823 803 881 851 de
911 805 1016 863 ipso
1049 817 1265 851 sermone
1299 818 1422 863 quae
1454 805 1653 851 testatur
1684 804 1964 860 observavit,
1995 819 2094 852 non
2123 806 2441 865 interpolavit.

256 886 372 933 Iam
398 881 607 933 ‘scenici’
634 886 751 945 quid
776 884 988 933 dixerint
1015 887 1069 932 in
1091 886 1355 945 propatulo
1380 888 1459 940 est,
1492 899 1600 932 cum
1623 885 1833 933 Plautus
1862 888 1964 946 fere
1985 888 2129 935 vicies
2152 890 2444 936 ornamenta

249 968 485 1026 posuerit,
517 980 761 1027 nusquam
794 971 1155 1023 ornamentum,
1188 992 1261 999 —
1293 970 1434 1026 atque
1464 968 1616 1014 sexies
1647 968 1705 1015 de
1735 968 1856 1027 ipsis
1888 971 2183 1016 ornamentis
2212 971 2444 1018 scaenicis

259 1047 458 1108 (Amph.
494 1049 577 1096 85.
624 1047 760 1109 Gapt.
797 1048 918 1095 615.
968 1047 1082 1097 Uist.
1111 1050 1230 1096 784.
1277 1047 1416 1096 Cure.
1453 1050 1574 1095 464.
1613 1048 1747 1096 Pers.
1783 1049 1902 1097 159.
1946 1049 2081 1097 Trin.
2117 1050 2224 1098 859
2240 1050 2331 1111 sq.)
2373 1077 2441 1084 ——

256 1133 461 1189 itemque
510 1132 800 1178 ornamenta
846 1130 1056 1178 habeant
1105 1129 1346 1177 Caecilius
1393 1129 1526 1188 (115
1542 1128 1627 1188 R.)
1671 1130 2014 1190 Terentiusque
2061 1131 2261 1190 (Heaut.
2298 1133 2405 1179 837
2400 1134 2441 1190 ).
2534 1156 2536 1158 v

260 1211 397 1272 Quod
429 1226 540 1258 vcro
565 1212 854 1259 Ribbeckius
882 1225 989 1258 cum
1013 1211 1268 1270 Scaliqero,
1296 1211 1550 1265 Mueller-0,
1576 1210 1739 1259 Leone
1763 1211 1876 1259 aliis
1907 1213 2239 1273 antiquissimo
2271 1216 2443 1261 comico

258 1294 404 1340 Livio
428 1291 712 1340 Andronico
747 1292 809 1351 (v.
831 1295 888 1351 4)
922 1293 1090 1339 tribuit
1121 1294 1411 1340 ornamento
1443 1291 1695 1347 incedunt,
1727 1307 1877 1352 neque
1909 1293 1966 1340 de
1987 1298 2133 1354 poeta
2165 1298 2348 1342 constat
2370 1321 2444 1327 —

258 1390 375 1422 nam
407 1375 564 1423 levius
606 1374 839 1422 traditum
881 1378 949 1422 est
978 1378 1091 1434 post
1119 1375 1352 1421 Plautum
1393 1376 1434 1420 et
1463 1372 1670 1421 Accium
1701 1374 1835 1433 apud
1864 1374 2065 1422 Festum
2095 1402 2167 1407 —
2198 1391 2348 1436 neque
2387 1375 2445 1424 de

258 1458 420 1515 forma
436 1483 494 1489 —
512 1471 630 1504 nam
647 1472 815 1504 ornam
823 1458 942 1503 entu
959 1455 1229 1503 incendunt
1253 1455 1486 1503 traditum
1506 1457 1573 1502 est
1589 1448 1763 1520 (neque
1782 1458 1945 1503 comici
1962 1458 2217 1516 quicquam
2241 1459 2375 1513 inest,
2398 1459 2442 1505 si

256 1539 379 1597 forte
406 1539 503 1597 fuit
526 1533 818 1586 ornamenta
840 1537 1110 1585 incendunt
1133 1532 1285 1584 nobili
1309 1529 1621 1602 lIgnobileS).
1659 1535 1879 1584 Ceterum
1893 1538 2082 1585 videtur
2099 1545 2445 1586 ornamentum

252 1624 516 1680 propterca
548 1621 609 1667 ab
643 1634 722 1667 ore
756 1619 1002 1666 derivasse
1043 1619 1215 1674 Varro,
1250 1620 1376 1678 quod
1407 1615 1674 1681 πρόσωπον
1697 1620 2021 1678 praecipuum
2051 1623 2320 1668 ornamenti
2349 1635 2445 1669 sce-

255 1702 353 1749 nici
388 1717 516 1762 pars
555 1702 663 1760 fuit.
714 1702 793 1748 Dc
824 1700 1179 1763 propositione,
1213 1700 1342 1761 quod
1364 1703 1479 1760 post
1508 1699 1633 1746 alios
1662 1701 1855 1759 frustra
1888 1704 2182 1761 temptarunt
2216 1702 2373 1751 Oanal
2405 1705 2446 1750 et

258 1784 460 1844 Maelely
509 1780 610 1843 (³2.
643 1784 771 1830 Krit.
806 1783 887 1830 lat.
919 1778 1174 1841 Schriftst?
1210 1798 1254 1830 a.
1291 1783 1434 1830 1886
1458 1796 1510 1841 p-
1548 1781 1626 1840 6),
1676 1782 1736 1840 cf.
1778 1782 1844 1829 ad
1878 1784 1962 1838 79,
1991 1782 2086 1830 15:
2132 1786 2214 1843 qui
2261 1785 2350 1831 loci
2395 1797 2445 1832 36

260 1868 480 1913 tutantur
504 1867 721 1920 invicem,
745 1866 843 1912 nisi
868 1864 993 1923 quod
1015 1865 1091 1911 liic
1115 1864 1499 1912 additamentum
1525 1864 1801 1921 requiritur,
1824 1864 1953 1911 velut
1976 1879 2086 1911 cum
2110 1866 2444 1927 propositione

259 1943 521 2011 (decoris)
554 1947 749 1994 dicitur.
791 1944 875 1993 Ad
905 1948 1065 2006 ipsam
1096 1948 1470 1994 observationem
1503 1948 1561 2005 cf.
1595 1945 1681 1992 IX
1717 1948 1785 1993 66
1800 1960 1889 2006 sq.,
1922 1947 1984 1994 al.

412 2039 496 2097 84,
527 2039 608 2084 13.
653 2036 727 2095 Of.
760 2036 998 2084 Heidrich
1021 2051 1074 2095 p.
1114 2036 1196 2092 57,
1228 2036 1538 2095 Krumbieyel
1560 2051 1612 2095 p.
1651 2037 1731 2083 62.

409 2121 494 2179 85,
521 2121 566 2165 4.
606 2117 803 2166 fictores
827 2119 947 2165 item
973 2117 1096 2165 alios
1122 2119 1486 2164 coniunoeimus:
1515 2132 1632 2164 nam
1657 2120 1771 2164 sunt
1800 2118 1923 2164 inter
1946 2117 2140 2165 fictores
2166 2120 2309 2166 etiam
2340 2119 2443 2175 alii,

262 2202 384 2250 velut
409 2201 709 2261 pastillarii,·
740 2201 799 2260 cf.
835 2199 945 2247 VII
974 2202 1057 2246 44.

410 2292 495 2351 85,
522 2292 568 2337 9.
608 2284 764 2353 (lux)
790 2290 908 2350 quia
931 2289 1063 2335 lucet
1092 2291 1133 2335 et
1154 2303 1264 2336 mom
1295 2288 1430 2335 luere
1465 2304 1487 2330 ›0‹
1510 2304 1533 2331 »ι
1555 2303 1579 2330 *
1616 2291 1657 2334 et
1683 2287 1945 2337 noctiluca.
1985 2284 2299 2351 <col>lucare
2324 2289 2444 2337 item

259 2373 321 2420 ab
353 2373 462 2419 luce
496 2371 819 2419 Reitzenstein
841 2385 893 2429 p.
930 2373 1015 2426 40,
1044 2374 1072 2417 1
1107 2385 1258 2430 ncquc
1300 2383 1529 2417 conexum
1570 2373 1693 2417 recte
1723 2372 1976 2418 restituens
2019 2372 2255 2418 amissum
2292 2385 2443 2430 neque

249 2454 571 2515 probabiliter
601 2454 839 2512 nimisque
870 2453 1096 2499 violenter
1127 2466 1355 2500 conexum
1385 2453 1630 2499 servatum
1661 2453 1878 2501 turbans.
1925 2452 2083 2499 Immo
2114 2453 2277 2500 lucere
2320 2453 2442 2500 item

258 2536 319 2584 ab
351 2537 459 2584 luce
493 2535 731 2584 Varronis
760 2535 1022 2595 veriloquio
1064 2534 1125 2581 ab
1165 2533 1298 2580 luere
1332 2534 1628 2581 tralaticium
1659 2533 2073 2593 clarissimumque
2104 2548 2339 2594 opponere
2368 2535 2445 2582 in-

260 2619 434 2666 tellexit
456 2617 538 2678 Sp.
563 2616 873 2677 produntque
904 2617 1014 2675 ipsa
1039 2616 1199 2668 verba,
1245 2614 1465 2664 Ceterum
1487 2618 1688 2676 propter
1710 2616 1837 2662 hwnc
1865 2617 2028 2675 ipsum
2060 2616 2215 2663 locum
2239 2615 2296 2663 de
2323 2616 2444 2663 Var-

258 2715 374 2748 rone
396 2713 557 2759 paene
589 2698 877 2758 desperabat
898 2697 995 2757 Sp„
1029 2712 1167 2757 quem
1191 2695 1251 2743 A.
1271 2698 1351 2756 Sp.
1387 2711 1442 2744 ex
1474 2697 1576 2744 alia
1600 2700 1744 2756 parte
1767 2698 1859 2744 huc
1889 2697 2182 2744 translatum
2214 2710 2312 2745 esse
2337 2710 2444 2744 con-

258 2784 463 2842 fidenter
494 2780 806 2841 affirmabat:
852 2781 910 2840 cf.
948 2775 1392 2839 ‘Sitzunqsbericlete
1433 2777 1477 2825 d.
1519 2778 1677 2839 bayer.
1718 2778 1811 2825 Alc.
1844 2779 1889 2826 cl.
1933 2773 2029 2827 W.’
2065 2778 2207 2827 1885
2232 2794 2284 2838 p.
2318 2779 2442 2827 243.

257 2864 342 2911 Ad
385 2864 668 2911 locutionem
710 2862 879 2909 lumen
921 2861 1083 2908 facere
1116 2874 1263 2919 quam
1295 2860 1583 2907 admisimus
1622 2862 1679 2920 cf.
1714 2859 1879 2923 ignem
1922 2860 2083 2908 facere
2116 2859 2251 2920 apud
2280 2860 2445 2907 Plaut.

262 2946 392 2994 Rucl.
421 2947 491 2992 76
504 2947 556 3002 7,·
586 2944 710 3004 Nep.
736 2944 886 2990 Eum.
921 2944 967 2998 9,
993 2944 1027 2989 3
1060 2941 1346 3001 similiaque.

411 3035 496 3089 85,
526 3035 607 3081 12.
649 3048 776 3094 quae
807 3027 909 3096 res]
941 3032 999 3091 cf.
1033 3030 1268 3078 Steinthal
1298 3022 1361 3076 12
1382 3045 1434 3089 p.
1469 3030 1591 3077 355.

411 3117 495 3175 85,
526 3116 607 3162 14.
668 3114 741 3173 Cf.
775 3114 930 3161 Pauw
962 3114 1028 3161 ad
1057 3112 1238 3171 Phryn.
1261 3125 1316 3170 p.
1345 3114 1410 3158 71
1438 3111 1558 3158 Lob.
1607 3110 1737 3159 Sane
1769 3113 1820 3159 vi
1851 3113 2115 3170 requiritur
2138 3114 2341 3171 propter
2371 3124 2442 3159 se·

260 3199 469 3258 quentia,
503 3198 588 3244 etsi
618 3191 705 3260 <id
738 3211 767 3243 a
798 3190 885 3258 vi>
916 3209 1024 3242 cum
1053 3195 1134 3254 Sp.
1167 3192 1392 3253 supplere
1413 3194 1588 3252 possis.

411 3287 496 3346 85,
524 3286 606 3333 16.
646 3284 702 3333 Si
724 3287 846 3332 recte
861 3283 1067 3332 visenda
1087 3309 1155 3315 —
1178 3281 1405 3330 invident
1419 3286 1592 3342 poetae
1614 3284 1941 3343 fragmentum
1966 3296 2064 3331 esse
2085 3283 2253 3330 statuit
2266 3280 2330 3330 A.
2343 3281 2444 3342 Sp„

261 3369 496 3429 corriyere
529 3368 694 3428 possis
724 3392 754 3414 υ
784 3407 811 3414 -
844 3365 1049 3414 visenda
1079 3361 1309 3428 vigilant,
1339 3363 1594 3428 vigilando
1639 3360 1876 3412 invident.
1931 3363 2067 3412 Certe
2096 3363 2325 3427 vigilant,
2366 3364 2442 3410 in-

260 3449 434 3499 vident
463 3450 652 3509 formae
682 3450 953 3509 fraqmento
984 3447 1196 3507 aptiores
1226 3459 1374 3506 quam
1406 3446 1645 3506 exemplis.

411 3539 497 3599 85,
524 3540 606 3587 17.
679 3536 798 3585 Acci
839 3537 1168 3596 fraymentum
1197 3540 1311 3597 post
1355 3536 1479 3583 alios
1523 3537 1758 3583 statuerat
1802 3534 2013 3582 Ribbeck
2056 3535 2234 3595 fraqm.
2297 3525 2445 3593 trag).²

252 3636 307 3682 p.
339 3622 449 3669 226
494 3619 561 3680 (et
589 3621 766 3680 fraym.
799 3611 941 3667 com.²
962 3633 1014 3678 p.
1051 3616 1331 3679 OXXIX):
1373 3617 1615 3665 oblocutus
1647 3619 1714 3663 est
1742 3615 1804 3663 L.
1830 3615 2042 3664 Mueller
2071 3614 2230 3663 Lucil.
2254 3629 2309 3675 p.
2333 3614 2444 3663 320

272 3702 471 3751 Victorii
501 3703 553 3750 et
583 3701 804 3749 anticum
832 3701 1070 3761 recipiens
1099 3701 1303 3760 itemque
1324 3698 1578 3746 Baehrens
1607 3699 1663 3746 in
1684 3697 1982 3746 Fleckeiseni
2005 3694 2188 3745 Annal.
2222 3710 2268 3745 a.
2297 3695 2439 3744 1884

253 3799 308 3845 p.
330 3784 437 3831 837
462 3786 505 3832 et
527 3782 679 3831 FPR.
702 3796 757 3842 p.
779 3782 847 3831 54
870 3781 1046 3830 inania
1069 3783 1319 3841 temptans.
1358 3779 1474 3828 Post
1495 3793 1613 3840 quos
1628 3778 1840 3828 Ribbeck
1869 3780 1923 3827 in
1953 3779 2093 3827 tertia
2122 3779 2300 3839 fraym.
2318 3779 2440 3837 tray.

2588 3565 2600 3643 i
