2600 4198
1027 145 1499 192 ADNOTATIONES
2245 146 2316 198 30
2324 147 2350 197 1

173 295 346 343 matico
387 293 510 341 libro
552 291 860 339 tribuendum
900 291 965 337 sit
1004 289 1078 337 vel
1118 290 1241 349 ipsis
1284 287 1654 348 Quaestionibus
1695 286 1943 334 Plautinis
1986 300 2053 333 an
2085 287 2176 334 alii
2221 287 2354 346 operi

170 375 372 424 cuilibet.
422 374 597 433 Itaque
645 373 728 420 vix
769 372 934 432 differt
973 371 1051 418 liic
1091 369 1224 418 locus
1264 371 1325 418 ab
1368 370 1503 424 aliis,
1547 368 1714 427 quales
1756 367 2035 416 Wilmanns
2067 382 2121 426 p.
2159 367 2280 422 135,
2305 369 2354 415 2.

175 458 280 504 137
298 470 364 516 sq.
397 469 484 503 suo
514 455 623 502 iure
653 454 824 500 reiecit.

323 537 444 597 233,
471 536 554 583 24.
594 535 733 583 Idem
757 535 884 593 quod
907 533 965 581 de
989 532 1280 581 antecedenti
1306 531 1363 579 de
1385 532 1470 578 hoc
1499 532 1770 591 fraymento
1795 530 1933 585 valet,
1967 529 2093 588 quod
2122 531 2233 577 item
2257 543 2356 577 non

170 617 552 678 improbabiliter
595 615 965 676 Quaestionibus
1014 614 1264 661 Plautinis
1318 613 1626 661 adscribatur
1676 626 1826 672 neque
1876 615 2036 659 tamen
2089 613 2252 659 minus
2301 626 2356 659 ex

171 700 310 747 libris
341 698 400 746 de
436 711 654 746 sermone
685 698 834 745 latino
865 697 940 744 vel
971 696 1170 743 aliunde
1200 696 1347 754 repeti
1377 696 1546 754 possit.
1601 692 1820 741 Ceterum
1850 693 2009 754 prosis
2041 693 2181 740 lectis
2221 695 2357 753 frag]-

171 781 342 828 mentis
364 780 609 827 Plautinis
634 778 914 826 addendum
935 780 1050 838 post
1076 778 1252 837 fraym.
1278 775 1509 822 LXXII
1523 777 1578 823 in
1602 775 1805 823 editione
1827 776 2027 830 maiore,
2051 774 2210 821 LXX
2220 774 2366 822 VIII

173 863 228 910 in
257 863 455 910 minore.
2410 838 2428 855 ”

325 943 446 1003 234,
474 944 555 990 10.
595 941 704 989 Hoc
726 943 1052 1001 fraymentum
1076 939 1268 987 addidit
1294 938 1438 987 Goetz
1464 935 1608 986 ‘Gott
1632 937 1733 985 Gel.
1751 932 1895 985 Ana?
1922 951 1967 984 a.
1996 939 2141 984 1908
2163 953 2216 997 p.
2238 937 2357 984 825.

174 1024 482 1085 Quamquam
512 1023 765 1082 fatendum
797 1025 885 1078 est,
921 1020 1164 1070 Ciceronis
1196 1021 1388 1068 demum
1418 1020 1576 1068 verbis
1608 1020 1792 1067 collatis
1821 1020 2194 1079 yrammaticam
2225 1021 2360 1079 frao-

173 1107 323 1154 menti
363 1107 599 1153 rationem
644 1118 895 1164 apparere.
958 1102 1032 1164 Of.
1065 1102 1430 1163 Pseudophiloae.
1465 1102 1538 1148 II
1561 1103 1648 1158 21,
1674 1103 1746 1149 37
1789 1094 2099 1168 (anxilites);
2144 1100 2358 1148 axillites

175 1190 292 1235 sunt
322 1201 489 1235 revera
521 1184 830 1251 μικρόπτερα.

327 1269 449 1330 234,
478 1269 544 1315 14
562 1282 660 1328 sqq.
701 1268 839 1315 Haec
872 1268 1035 1314 abesse
1058 1267 1317 1321 noluimuS,
1351 1281 1459 1314 cum
1489 1280 1588 1313 non
1610 1265 1751 1313 modo
1778 1265 2070 1321 WilmannS,
2103 1264 2186 1312 sed
2218 1266 2362 1312 etiam

178 1351 497 1399 Reitzenstein
520 1349 549 1397 l.
575 1364 613 1397 s.
638 1363 675 1397 s.
699 1363 997 1409 persuasum
1028 1349 1239 1396 habeant
1266 1348 1382 1395 haec
1406 1362 1462 1395 ex
1495 1347 1713 1395 Varrone
1744 1360 2064 1406 magnamque
2097 1346 2216 1393 adeo
2238 1360 2360 1405 par-

175 1436 268 1481 tem
300 1446 355 1479 ex
385 1432 507 1479 libro
541 1432 581 1478 I
604 1432 662 1479 de
694 1432 722 1478 l.
749 1431 777 1478 l.
811 1431 955 1478 ducta
987 1444 1097 1478 esse.
1157 1429 1250 1477 Vbi
1289 1430 1410 1477 talia
1434 1454 1506 1462 —-
1531 1430 1644 1477 aliis
1675 1428 1963 1489 plerumque
2001 1428 2160 1475 verbis
2186 1453 2259 1460 —
2285 1442 2361 1475 θοο-

170 1527 353 1574 ponere
381 1515 599 1573 potuisse
633 1513 902 1560 Varronem
931 1526 1031 1559 non
1060 1526 1319 1571 necamus:
1358 1514 1409 1559 at
1446 1525 1545 1558 non
1583 1511 1723 1558 modo
1762 1525 1858 1557 non
1892 1510 2236 1565 demonstrari,
2277 1508 2361 1557 sed

178 1609 238 1643 ne
262 1595 481 1643 divinari
504 1595 695 1656 quidem
718 1608 862 1655 posse
886 1594 1216 1641 contendimus
1241 1596 1327 1640 aut
1358 1608 1466 1640 cum
1495 1593 1581 1641 hoc
1605 1595 1692 1640 aut
1721 1607 1829 1640 cum
1853 1592 1967 1639 aliis
2001 1592 2138 1639 libris
2166 1606 2361 1651 yram-

176 1678 412 1725 maticis
439 1677 677 1724 Varronis
703 1678 932 1723 artiorem
953 1677 1191 1723 rationem
1214 1674 1516 1729 intercedere,
1541 1676 1765 1734 quamvis
1787 1675 1983 1734 sinyula
2005 1673 2119 1732 plus
2142 1674 2362 1721 minusve

179 1760 468 1806 conveniant
498 1758 581 1818 (cf.
616 1760 759 1806 etiam
790 1758 1026 1805 Funaioli
1048 1772 1101 1817 p.
1140 1758 1246 1804 186
1262 1755 1369 1816 sq).

330 1841 452 1900 240,
480 1842 561 1888 17.
601 1839 680 1888 De
709 1841 867 1888 verbis
899 1841 988 1886 aut,
1018 1854 1106 1900 per
1138 1838 1442 1898 abusionem,
1472 1839 1532 1885 ut
1564 1853 1676 1885 cum
1707 1838 1939 1885 horreum
1971 1837 2180 1885 dicimus
2214 1838 2262 1883 et
2293 1836 2364 1883 ibi

178 1923 402 1969 triticum
450 1921 681 1970 conditur
717 1925 832 1981 post
876 1922 1188 1968 nominatum
1234 1935 1266 1967 a
1309 1920 1634 1968 Wilmannsio
1680 1921 1899 1979 receptis‘,
1950 1921 2008 1979 cf.
2041 1918 2363 1965 Reitzenstein

177 2004 208 2051 l.
242 2017 278 2050 s,
310 2017 347 2051 s.
373 2019 425 2063 p.
454 2005 537 2051 74.

331 2086 452 2147 241,
474 2087 555 2133 11.
596 2084 719 2134 Cum
734 2086 817 2131 via
841 2086 927 2131 aut
951 2098 983 2131 a
1006 2086 1056 2131 vi
1072 2083 1254 2143 pedum
1277 2084 1520 2131 derivetur
1547 2086 1634 2131 aut
1656 2084 1782 2144 quod
1796 2083 2006 2143 pedibus
2029 2084 2365 2130 itinerantium

178 2168 396 2226 flexuosa
425 2169 456 2214 i.
490 2182 526 2215 e.
559 2168 685 2214 vieta
716 2168 780 2214 sit
809 2169 953 2221 terra,
985 2167 1110 2213 trita
1131 2166 1302 2226 priore
1334 2166 1431 2213 loco
1462 2167 1666 2213 otiosum
1699 2169 1777 2213 est.

333 2249 455 2311 241,
484 2250 564 2295 16.
609 2247 683 2308 Of.
718 2247 784 2295 ad
814 2248 939 2302 221,
968 2249 997 2293 1
1032 2261 1068 2294 s.
1101 2248 1136 2307 f.
