2600 4198
169 410 252 450 157

169 1210 252 1249 158

170 1567 253 1607 159

286 171 357 224 48
1074 169 1154 214 DE
1186 170 1416 215 LINGVA
1446 170 1631 215 LATIN
1633 171 1673 214 A

284 308 437 375 palus
482 306 588 360 fuit
626 307 681 359 in
719 306 927 359 minore
967 305 1201 358 Velabro
1210 348 1224 375 ,
1276 325 1307 359 a
1346 325 1468 375 qu0,
1515 307 1660 375 quod
1706 307 1781 360 ibi
1820 306 2149 360 vehebantur
2193 307 2467 379 lintribuS,

286 395 577 465 velabrum,
624 398 685 447 ut
724 395 859 448 illud
898 394 1068 447 maius
1110 394 1174 447 de
1215 412 1320 463 quo
1361 413 1523 463 supra
1562 395 1625 464 (5
1649 400 1721 448 43
1735 396 1833 465 sq.)
1874 396 2075 449 dictum
2115 401 2207 450 est.
2270 396 2467 467 Aequi-

284 485 518 553 melium,
560 485 702 553 quod
742 483 1037 553 a<e>quata
1076 482 1205 536 Meli
1245 483 1434 537 domus
1473 483 1709 554 publice,
1750 485 1892 553 quod
1937 502 2162 555 regnum
2210 503 2468 555 occupare

284 574 456 626 voluit
506 574 565 626 is.
642 572 791 624 locus
844 571 911 623 ad
962 571 1118 624 busta
1159 569 1376 641 Gallica,
1428 572 1572 641 quod
1618 571 1789 626 Roma
1838 578 2147 643 recuperata
2195 573 2468 628 Gallorum

284 681 405 715 ossa
445 662 539 730 qui
571 660 923 730 possederunt
961 660 1149 713 urbem
1181 660 1258 712 ibi
1292 663 1601 714 coacervata
1640 679 1700 714 ac
1733 666 2001 732 consepta.
2061 662 2209 717 locus
2250 665 2342 733 qui
2380 681 2469 717 vo·
2516 686 2536 719 ⁶

284 755 438 803 catur
469 750 669 802 doliola
708 749 772 802 ad
804 750 1042 803 cluacam
1074 767 1392 818 maxumam,
1430 750 1525 802 ubi
1562 767 1673 803 non
1710 751 1836 803 licet
1875 751 2146 821 despuere,
2186 772 2215 804 a
2255 753 2470 806 doliolis

284 841 383 892 sub
426 843 580 891 terra.
659 857 842 891 eorum
883 839 1016 891 duae
1055 838 1283 891 traditae
1321 838 1596 907 historiae,
1645 839 1788 907 quod
1827 840 1918 892 alii
1951 841 2122 894 inesse
2161 842 2311 895 aiunt
2350 859 2470 895 ossa

284 929 614 997 cadaverum,
662 928 754 980 alii
791 927 1002 981 Numae
1040 927 1299 998 Pompilii
1336 927 1590 998 religiosa
1630 928 1888 997 quaedam
1926 932 2051 998 post
2090 934 2317 983 mortem
2356 930 2471 983 eius

284 1017 499 1070 infossa.
578 1017 862 1087 argiletum
910 1021 1035 1069 sunt
1083 1018 1174 1086 qui
1227 1017 1553 1086 scripserunt
1604 1017 1826 1086 (Funai.
1849 1037 1905 1086 p.
1931 1019 2053 1087 115)
2107 1019 2171 1071 ab
2219 1017 2473 1090 †Argola

285 1125 378 1159 seu
419 1108 563 1175 quod
608 1109 655 1159 is
694 1106 800 1159 huc
841 1106 1044 1159 venerit
1083 1106 1265 1175 ibique
1306 1108 1377 1160 sit
1416 1108 1673 1176 sepultus,
1722 1107 1813 1159 alii
1854 1108 1918 1160 ab
1961 1108 2166 1178 argilla,
2215 1108 2356 1177 quod
2396 1109 2472 1161 ibi
2497 1132 2540 1164 10

287 1196 341 1247 id
388 1213 555 1265 genus
602 1199 775 1248 terrae
827 1196 910 1248 sit.
990 1195 1156 1249 clivos
1203 1195 1549 1265 Public<i>us
1597 1197 1661 1249 ab
1711 1197 1971 1250 aedilibus
2019 1198 2195 1266 plebei
2233 1198 2471 1251 Publicis

288 1285 379 1353 qui
428 1303 548 1336 eum
595 1284 809 1354 publice
858 1284 1218 1337 aedificarunt.
1297 1285 1460 1338 simili
1513 1286 1574 1337 de
1622 1304 1780 1338 causa
1818 1286 2026 1339 Pullius
2073 1290 2125 1340 et
2167 1286 2473 1357 CosconiUS,

288 1374 431 1441 quod
482 1374 548 1426 ab
603 1373 688 1425 his
741 1374 973 1426 viocuris
1027 1374 1277 1426 dicuntur
1328 1374 1606 1427 aedificati.
1686 1375 1855 1428 clivus
1906 1375 2182 1444 proximus
2235 1395 2264 1427 a
2316 1375 2474 1428 Flora

288 1481 441 1516 susus
489 1481 673 1515 versus
715 1462 1040 1532 Capitolium
1089 1467 1264 1532 vetuS,
1317 1464 1462 1532 quod
1512 1463 1588 1515 ibi
1641 1466 1893 1517 sacellum
1932 1463 2074 1517 Iovis
2114 1463 2335 1517 Iunonis
2374 1464 2475 1517 Mi-

286 1571 494 1620 nervae,
534 1556 587 1605 et
627 1552 681 1604 id
721 1552 994 1622 antiquius
1035 1571 1195 1622 quam
1228 1552 1371 1606 aedis
1410 1571 1544 1621 quae
1585 1553 1640 1605 in
1674 1551 1941 1622 Capitolio
1981 1554 2135 1606 facta.
2213 1553 2473 1622 Esquiliis
2500 1576 2541 1610 ιο

286 1643 434 1695 vicus
468 1641 701 1711 Africus,
742 1642 885 1711 quod
926 1643 1002 1695 ibi
1043 1642 1253 1695 obsides
1295 1661 1360 1694 ex
1393 1642 1577 1695 Africa
1608 1643 1749 1695 bello
1782 1642 1985 1696 Punico
2020 1643 2270 1696 dicuntur
2303 1646 2474 1696 custo-

288 1732 399 1784 diti.
462 1732 612 1785 vicus
656 1730 869 1800 Ciprius
910 1751 940 1784 a
980 1732 1145 1802 cipro,
1193 1733 1336 1801 quod
1376 1733 1452 1785 ibi
1494 1731 1679 1785 Sabini
1719 1732 1858 1785 cives
1899 1732 2068 1784 additi
2108 1733 2475 1800 consederunt,

289 1822 381 1889 qui
420 1841 451 1874 a
491 1821 633 1873 bono
676 1821 853 1874 omine
892 1821 947 1873 id
988 1824 1348 1890 appellarunt:
1388 1841 1511 1874 nam
1545 1822 1751 1890 ciprum
1793 1822 1973 1874 sabine
2012 1822 2229 1874 bonum.
2307 1840 2475 1891 prope

286 1910 430 1962 hunc
467 1909 617 1964 vicus
659 1910 962 1979 sceleratUS,
1014 1911 1187 1964 dictus
1235 1929 1265 1962 a
1304 1911 1482 1964 Tullia
1522 1911 1781 1979 Tarquini
1821 1909 2050 1979 Superbi
2096 1929 2285 1980 uxore,
2333 1910 2476 1979 quod

439 2092 461 2129 1
499 2088 566 2142 Cf.
594 2090 667 2142 15,
686 2091 711 2131 1
729 2101 819 2144 sqq.
853 2089 866 2144 Η
900 2092 1001 2143 2sq.
1038 2087 1106 2142 Of.
1132 2087 1234 2132 Liv.
1255 2088 1335 2132 IV
1356 2091 1428 2142 16,
1456 2092 1587 2144 Isq.;
1621 2087 1710 2132 Cic.
1741 2088 1783 2131 d.
1818 2089 1932 2131 dom.
1961 2091 2047 2131 101
2080 2087 2173 2144 (Sp.
2204 2086 2342 2131 Maeli
2372 2101 2474 2144 reg·

288 2162 401 2191 num
445 2146 710 2202 adpetentis
755 2147 918 2190 domus
963 2149 1034 2190 est
1077 2147 1377 2203 complanata
1410 2149 1458 2191 et
1501 2147 1613 2203 quia
1655 2146 1776 2190 illud
1810 2147 2049 2202 ‘aequum'
2086 2147 2313 2191 accidisse
2343 2161 2387 2203 p.
2422 2147 2476 2190 R.

291 2206 500 2250 ‘Maelio’
547 2206 788 2262 iudicavit,
831 2206 1020 2250 nomine
1062 2207 1164 2262 ipso
1208 2206 1542 2263 ‘Aequimaeli'
1589 2206 1774 2249 iustitia
1817 2219 1995 2263 poenae
2029 2206 2332 2263 comprobata
2365 2207 2451 2262 est)
2463 2223 2479 2261 ;

299 2268 397 2310 Vaz.
434 2266 567 2309 Max.
597 2267 670 2310 VI
694 2269 735 2320 3,
756 2271 807 2320 1,·
838 2267 1036 2323 Dionys.
1071 2267 1183 2310 Hal.
1220 2267 1334 2311 XII
1357 2271 1385 2310 4
1416 2262 1574 2322 (αἶκον
1606 2265 1694 2322 γὰρ
1723 2300 1731 2309 .
1761 2301 1769 2309 .
1797 2300 1806 2309 .
1831 2263 1883 2310 τὸ
1917 2264 2147 2322 μηδεμίαν
2180 2266 2283 2323 ἔχον
2316 2265 2479 2323 ἐξοχὴν

289 2328 516 2369 καλεῖται·
550 2323 696 2369 τόπον
729 2322 813 2369 οὖν
844 2342 951 2370 τινα
975 2324 1162 2382 Μήλιον
1194 2326 1241 2379 ἐξ
1275 2327 1418 2383 ἀρχῆς
1449 2324 1698 2381 κληθέντα,
1731 2324 1922 2379 ὕστερον
1949 2361 1956 2369 .
1986 2361 1994 2368 .
2023 2359 2032 2369 .
2058 2324 2346 2381 Αἰκυμήλιον
2371 2323 2479 2369 ἐκά-

289 2386 442 2441 λεσαν)
475 2386 488 2442 ΙΙ
520 2389 548 2427 4-
575 2385 642 2438 Cf.
662 2386 765 2429 Liv.
787 2386 922 2439 V48,
941 2388 968 2428 3
1002 2384 1355 2443 (bustorumque
1386 2385 1495 2428 inde
1522 2384 1808 2428 Gallicorum
1838 2384 2025 2428 nomine
2058 2385 2293 2441 insignem
2323 2384 2479 2428 locum

290 2445 481 2501 fecere):
513 2445 570 2498 cf.
604 2444 807 2489 Huelsen
839 2446 891 2488 in
923 2446 1087 2501 encycl.
1121 2446 1239 2489 reali
1268 2447 1363 2488 III
1389 2447 1509 2488 1077
1540 2446 1553 2501 Η
1587 2449 1612 2487 6
1648 2445 1715 2497 Cf.
1750 2445 1871 2489 Fest.
1906 2445 2049 2488 Pauli
2082 2448 2156 2498 69,
2182 2448 2212 2487 8
2253 2443 2398 2500 (locus
2430 2444 2479 2487 in

289 2505 403 2547 urbe
438 2503 503 2547 sic
534 2507 739 2559 vocatus,
774 2504 886 2559 quia
917 2504 1248 2547 invadentibus
1274 2503 1421 2548 Gallis
1449 2503 1708 2548 Senonibus
1741 2504 1905 2548 urbem
1937 2516 2069 2547 sacra
2100 2504 2149 2546 in
2183 2504 2345 2547 eodem
2378 2503 2478 2547 loco

291 2563 478 2607 doliolis
511 2563 717 2619 reposita
749 2563 959 2608 fuerunt:
994 2577 1088 2618 qua
1113 2564 1170 2607 de
1195 2577 1335 2608 causa
1367 2564 1417 2607 in
1443 2564 1606 2607 eodem
1637 2563 1739 2607 loco
1764 2577 1823 2607 ne
1849 2564 2071 2619 despuere
2097 2563 2239 2607 alicui
2271 2562 2481 2620 licebat),·

291 2624 411 2668 Serv.
445 2626 496 2667 in
528 2625 643 2667 Aen.
680 2624 748 2667 VI
775 2626 870 2667 238
881 2641 897 2678 ,·
938 2625 1041 2667 Liv.
1070 2624 1278 2678 V40‚8;
1318 2625 1443 2668 Plut.
1479 2623 1601 2667 Cam.
1638 2623 1763 2677 XX;
1807 2623 1902 2667 TG.
1939 2637 1974 2667 s.
2007 2638 2045 2667 v.
2095 2625 2107 2679 ΙΙ
2156 2627 2180 2665 9
2218 2623 2286 2678 Cf.
2322 2623 2476 2681 Quint.

292 2685 327 2727 I
353 2687 395 2737 6,
422 2687 476 2727 31
513 2685 649 2739 (quae
688 2716 697 2725 .
726 2717 734 2726 .
764 2718 771 2725 .
806 2682 1069 2739 Argiletum
1103 2682 1375 2739 appellandi
1414 2682 1611 2739 ratio?);
1658 2682 1779 2727 Serv.
1813 2683 1866 2726 ἐπ
1898 2684 2012 2727 Aen.
2049 2684 2182 2727 VIII
2207 2686 2296 2727 345
2328 2682 2480 2739 (quasi

291 2742 574 2800 argilletum‚
615 2742 753 2785 multi
792 2742 955 2786 volunt
994 2756 1022 2785 a
1062 2742 1228 2799 pingui
1267 2744 1413 2796 terra3
1462 2742 1545 2786 alii
1586 2755 1613 2785 a
1653 2742 1828 2785 fabula.
1899 2755 2009 2784 nam
2048 2742 2267 2785 Euander
2301 2742 2480 2798 Argum

291 2802 526 2857 quendam
574 2800 781 2858 suscepit
825 2801 1032 2858 hospitio
1068 2837 1075 2845 .
1114 2837 1121 2844 .
1156 2837 1164 2846 .
1200 2802 1378 2859 Argum
1420 2803 1665 2845 necarunt:
1716 2801 1790 2845 cui
1838 2801 2054 2844 Euander
2101 2803 2148 2844 et
2191 2800 2479 2857 sepulturam

290 2861 405 2904 fecit
448 2863 494 2904 et
535 2860 690 2904 locum
738 2861 938 2904 sacravit
972 2896 980 2905 .
1010 2896 1053 2904 ..
1089 2874 1199 2918 ergo
1244 2861 1509 2918 Argiletum
1552 2861 1612 2904 ab
1645 2862 1770 2918 Argo
1811 2859 1911 2904 illic
1952 2862 2133 2904 sacrato
2166 2863 2214 2904 et
2253 2860 2454 2917 sepulto)
2464 2876 2481 2915 ;

290 2922 408 2965 adde
434 2921 551 2965 Serv.
580 2921 706 2964 Dan.
734 2922 832 2977 (qui
861 2922 980 2964 inter
1003 2921 1102 2964 alia
1133 2922 1253 2965 velut
1283 2923 1341 2965 ab
1366 2922 1493 2978 Aryo
1518 2921 1710 2965 Danaes
1740 2920 1836 2974 filio
1868 2921 1936 2964 vel
1966 2921 2154 2964 Tusciae
2184 2920 2281 2974 filio
2307 2921 2480 2965 Romae

290 2985 447 3024 necato
486 2982 638 3024 habet:
678 2980 760 3024 alii
795 3014 804 3023 .
842 3015 849 3023 .
886 3016 893 3023 .
929 2979 1054 3036 quod
1094 2980 1162 3023 ibi
1195 2978 1379 3023 Cassius
1413 2979 1620 3035 Argillus
1664 2978 1788 3022 bello
1821 2979 1996 3023 Punico
2039 2979 2189 3035 primo
2235 2979 2296 3023 sit
2337 2979 2478 3022 inter-

291 3039 459 3095 fectus)
469 3057 485 3094 ;
524 3041 697 3084 Arnob.
742 3040 844 3084 adv.
887 3045 982 3084 nat.
1016 3040 1090 3083 VI
1115 3043 1143 3084 7
1169 3054 1216 3095 p.
1242 3043 1333 3084 219
1366 3040 1501 3094 Reiff.
1551 3040 1564 3095 ΙΙ
1614 3044 1666 3082 11
1704 3039 1771 3093 Cf.
1806 3040 1927 3083 Fest.
1959 3039 2091 3093 238b,
2116 3042 2177 3083 28
2224 3038 2479 3096 (Publicius

293 3099 438 3143 clivus
473 3099 761 3155 appellatus,
795 3113 934 3154 quem
967 3099 1059 3142 duo
1095 3098 1262 3142 fratres
1295 3099 1343 3142 L.
1363 3099 1423 3141 M.
1443 3098 1626 3142 Publici
1659 3098 1867 3142 Malleoli
1899 3098 2075 3143 aediles
2110 3113 2201 3142 cur.
2264 3097 2479 3155 pecuaris

292 3158 613 3202 condemnatis
647 3172 702 3202 ex
732 3159 933 3214 pecunia
965 3172 1106 3214 quam
1140 3158 1435 3217 cepera<n>t
1465 3158 1733 3201 munierunt
1757 3172 1790 3201 e.
1810 3173 1848 3214 q.
1866 3161 1919 3213 s.)
1930 3176 1946 3212 ;
1981 3158 2109 3202 ovid.
2129 3158 2260 3202 Fast.
2288 3158 2327 3201 V
2348 3161 2442 3203 281
2465 3159 2479 3214 ΙΙ

296 3223 348 3260 12
382 3218 454 3261 De
494 3219 606 3263 clivo
640 3219 795 3263 Pallio
835 3220 892 3273 cf.
928 3219 1069 3263 Solin.
1107 3233 1154 3274 p.
1183 3222 1224 3273 7,
1250 3222 1278 3263 3
1312 3220 1520 3263 Momms.
1569 3220 1582 3274 ΙΙ
1632 3223 1686 3261 14
1721 3217 1788 3271 Of.
1823 3218 1943 3262 Serv.
1984 3218 2035 3261 in
2067 3219 2181 3262 Aen.
2216 3219 2281 3261 II
2303 3220 2397 3262 225
2439 3221 2482 3262 et

292 3277 414 3322 Serv.
447 3278 575 3321 Dan.
610 3279 718 3322 ibid.
752 3283 795 3322 et
825 3280 920 3322 III
946 3281 1031 3322 134
1063 3279 1075 3334 ΙΙ
1111 3282 1164 3320 16
1181 3291 1271 3334 sqq.
1309 3278 1375 3332 Cf.
1407 3278 1525 3322 Fest.
1560 3280 1684 3331 371⁸,
1710 3280 1767 3321 16
1783 3291 1872 3333 sqq.
1906 3278 1919 3334 ΙΙ
1955 3281 2007 3320 17
2037 3278 2105 3331 Of.
2133 3278 2234 3321 Liv.
2263 3278 2299 3321 I
2322 3280 2394 3331 48,
2414 3280 2443 3320 6
2465 3277 2479 3333 ΙΙ

296 3341 349 3380 19
367 3351 428 3393 sq.
465 3337 533 3390 Cf.
561 3338 664 3382 Liv.
690 3339 726 3381 I
742 3340 817 3391 48,
836 3341 890 3392 7,·
922 3338 1117 3394 Dionys.
1143 3338 1256 3382 Hal.
1283 3338 1366 3382 IV
1383 3340 1469 3392 39;
1501 3336 1622 3381 Fest.
1649 3336 1776 3390 333b,
1801 3339 1861 3380 32
1876 3351 1967 3392 sqq.
2001 3350 2102 3381 cum
2133 3337 2284 3381 Paulo
2321 3339 2424 3390 332,
2449 3338 2479 3380 9

292 3397 435 3453 (quod
468 3410 574 3439 cum
605 3396 885 3452 Tarquinius
919 3397 1152 3453 Superbus
1183 3396 1558 3440 interficiendum
1589 3398 1797 3440 curasset
1829 3395 2037 3439 Servium
2068 3395 2275 3439 Tullium
2305 3407 2478 3450 regem,

292 3469 503 3560 εἷοῖοιὲιὲῗ
535 3470 689 3511 suum,
723 3470 889 3513 corpus
922 3456 1021 3500 eius
1053 3455 1210 3501 iacens
1249 3456 1348 3499 filia
1380 3457 1600 3513 carpento
1633 3456 1906 3512 supervecta
1939 3455 2001 3498 sit
2027 3490 2035 3498 .
2063 3490 2071 3498 .
2099 3456 2155 3512 .);
2190 3454 2318 3499 ovid.
2344 3455 2476 3499 Fast.

446 3683 468 3722 1
501 3678 747 3723 lusti-ibus:
781 3693 883 3725 corr
906 3679 1025 3725 Laet
1054 3681 1067 3737 ΙΙ
1100 3684 1126 3723 3
1159 3680 1254 3725 add
1285 3680 1406 3725 Rhol
1432 3681 1438 3735 Ι
1466 3677 1678 3735 publico:
1711 3691 1812 3723 corr
1836 3677 1930 3721 Αἶά
1959 3678 1972 3734 ΙΙ
2005 3680 2030 3719 9
2064 3675 2342 3733 argeletum:
2376 3688 2478 3720 corr

293 3737 413 3782 Laet
457 3739 471 3795 ΙΙ
521 3742 572 3782 11
606 3740 727 3798 terre
768 3739 830 3783 sit
867 3741 937 3784 vel
973 3741 1095 3798 terre
1134 3739 1220 3798 [sic
1249 3738 1382 3797 (F⁷)]
1427 3740 1441 3795 11
1491 3742 1544 3781 12
1576 3736 1752 3794 pullius
1792 3737 1887 3791 (viat
1923 3735 2081 3793 pulius
2119 3737 2187 3780 vel
2223 3733 2431 3803 publius)
2461 3736 2476 3803 [Ι

297 3801 351 3840 13
365 3811 427 3854 sq.
454 3811 482 3841 a
505 3797 642 3841 floras
666 3812 798 3843 usus:
832 3812 932 3844 corr
958 3799 1059 3843 Vict
1079 3803 1121 3843 et
1142 3799 1271 3843 Turn
1293 3799 1307 3855 11
1334 3802 1387 3841 15
1413 3796 1642 3853 Exquiliis
1665 3798 1679 3854 ΙΙ
1706 3800 1758 3840 17
1785 3794 1940 3839 sabini
1963 3795 2049 3853 [sic
2072 3794 2203 3853 (F*)]
2231 3795 2300 3839 vel
2322 3807 2477 3838 samm
