2600 4198
266 160 374 214 266
1124 156 1596 204 ADNOTATIONES

266 300 474 349 bendum
502 312 773 360 provocare
802 299 963 359 possit
1001 297 1173 347 Varro.
1217 298 1376 345 Immo
1414 301 1650 358 provocat
1685 298 1752 346 ad
1770 336 1771 339 ¹
1789 298 1940 348 libros
1969 299 2073 347 III
2097 300 2156 348 de
2190 302 2447 360 poematis,

268 395 386 443 quos
417 395 473 429 ex
508 379 723 429 Charisii
754 380 1019 428 testimonio
1052 383 1093 427 et
1123 379 1415 440 Hieronymi
1454 379 1668 441 cataloyo
1697 381 1933 437 novimus,
1955 384 2070 441 post
2096 381 2246 430 libros
2275 382 2321 430 d.
2353 382 2383 429 l.
2416 383 2444 430 l.

265 464 468 523 scriptos
500 476 600 510 esse
628 463 732 510 iam
762 462 997 509 discimus
1030 475 1086 509 ex
1114 461 1198 509 illo
1229 461 1328 508 loco
1360 459 1443 521 (cf.
1478 462 1621 509 etiam
1654 461 1932 511 Wibmamns
1955 477 2008 522 p.
2037 463 2108 511 68
2137 463 2252 511 adn.
2281 462 2351 523 1).

420 552 502 611 76,
530 552 612 598 11.
658 548 731 609 Of.
765 550 1041 598 Mommsen
1074 545 1318 598 ‘Staatsr.’
1351 549 1422 596 II
1451 542 1506 596 1³
1527 564 1580 609 p.
1606 551 1716 598 236
1747 551 1861 599 adn.

418 633 502 693 76,
531 633 612 679 12.
652 625 970 695 <quot>quot
1001 632 1143 679 annis
1173 630 1257 691 Sp.
1290 630 1355 690 (v.
1389 631 1455 678 ad
1489 632 1573 687 67,
1598 630 1669 691 3).

419 715 502 774 77,
529 714 574 760 8.
620 711 694 772 Of.
728 713 906 760 Prantl
938 708 1125 761 ‘Gesolt
1158 712 1203 760 d.
1237 708 1377 772 L09.'
1410 712 1448 758 I
1475 713 1594 760 438.
1633 712 1751 761 519.

424 797 506 856 77,
536 797 618 842 12.
662 794 736 855 Cf.
774 794 1053 844 Wilmanns
1078 808 1129 853 p.
1166 793 1249 850 15,
1281 794 1601 842 Reitzenstein
1623 809 1676 854 p.
1712 794 1797 851 52,
1825 798 1869 842 1.

420 879 502 938 77,
532 877 613 924 13.
657 874 731 935 Of.
757 876 946 924 Lachm
983 877 1038 923 in
1060 875 1210 923 Luor.
1234 890 1286 935 p.
1307 877 1430 932 306,
1461 889 1757 935 quamquam
1786 876 2004 924 nondum
2034 879 2190 925 omnis
2214 878 2448 927 dubitatio

266 962 450 1007 remota
485 962 564 1006 est.
622 957 678 1006 Si
709 958 877 1019 eloqui
908 960 950 1005 et
978 956 1171 1019 reloqui
1212 958 1480 1017 infinitivos
1512 972 1621 1006 cum
1641 959 1888 1019 plerisque
1919 960 2133 1019 accipias
2164 958 2246 1019 (de
2276 960 2449 1020 quibus

265 1042 310 1088 si
364 1042 487 1088 tanti
534 1043 603 1088 est
647 1040 707 1098 cf.
740 1039 1051 1087 Petit-Radel
1096 1041 1147 1086 in
1180 1037 1365 1087 Annal.
1413 1040 1521 1086 inst.
1570 1040 1805 1088 arehaeol.
1837 1040 1927 1088 IV
1953 1056 1998 1088 a.
2034 1042 2179 1089 1832
2215 1057 2268 1101 Ρ.
2299 1041 2448 1100 240),

265 1123 483 1182 displicet
517 1122 642 1169 illud
674 1121 988 1182 eloquuntur,
1018 1134 1114 1180 pro
1141 1134 1232 1180 quo
1265 1122 1379 1182 quei
1409 1121 1681 1182 loquuntur
1705 1122 1895 1169 Lachm
1916 1124 2200 1182 proposuit,·
2239 1112 2318 1170 sin
2350 1123 2448 1171 elo-

267 1204 437 1265 quium
469 1217 735 1258 servamus,
769 1204 852 1250 vix
881 1201 1111 1262 reloquos
1145 1216 1253 1249 eum
1284 1202 1604 1249 Lachmanno
1635 1203 1968 1264 adiunyemus.

419 1291 613 1353 77,16.
669 1306 819 1353 quom
867 1292 986 1338 eunt
1033 1290 1097 1337 ad
1144 1292 1354 1338 amicam
1402 1291 1454 1337 in
1501 1290 1639 1339 luctu
1684 1291 1938 1340 Baehrens
1987 1294 2041 1340 in
2091 1291 2193 1340 Cat.
2235 1308 2289 1352 p.
2322 1294 2448 1350 220,

265 1388 365 1421 non
393 1376 529 1421 reete.

414 1456 498 1516 77,
528 1456 609 1502 19.
660 1454 737 1502 Ne.
779 1455 838 1502 de
869 1454 1067 1502 delendo
1110 1454 1241 1501 inter
1271 1468 1322 1502 se
1355 1453 1654 1502 conveniunt
1686 1456 1856 1516 coyites
1888 1470 1997 1503 cum
2026 1455 2133 1515 Sp„
2166 1470 2208 1504 v.
2242 1458 2340 1504 test.
2374 1482 2444 1489 -—

269 1536 342 1596 Cf.
375 1538 498 1584 Mue
528 1537 581 1583 in
612 1537 741 1584 Fest.
765 1551 817 1596 Ρ.
853 1535 1051 1584 XLIV.
1092 1536 1252 1583 instar
1283 1534 1417 1583 cinni
1449 1536 1711 1584 concinant
1747 1535 1919 1584 Canal.

417 1620 499 1680 77,
527 1619 610 1666 22.
665 1613 912 1682 poeta<e>
959 1617 1177 1681 cogitata
1227 1611 1346 1684 (pro
1394 1610 1668 1684 cogitante)
1709 1617 1873 1678 Sciop,
1919 1619 2183 1680 poetarum
2230 1618 2449 1683 cogitata

276 1701 457 1749 Usener
488 1702 623 1749 Mus.
656 1699 810 1748 Rhen.
846 1699 1042 1748 XXIV
1060 1714 1111 1760 Ρ.
1148 1701 1268 1746 110.
1301 1725 1374 1731 --
1407 1693 1590 1763 quo[d]
1624 1714 1851 1747 maxume
1882 1701 1989 1746 tum
2020 1699 2073 1746 id
2105 1699 2149 1747 d.
2187 1699 2359 1748 Canal.

419 1784 503 1843 78,
531 1783 576 1829 5.
617 1783 795 1830 novius
828 1783 878 1828 et
907 1796 1004 1828 non
1035 1784 1156 1829 recte
1189 1795 1244 1828 ex
1278 1779 1433 1828 Gellio
1475 1781 1689 1829 Varroni
1721 1782 1984 1829 obtrudunt
2015 1782 2216 1829 editores
2246 1781 2450 1842 neylecto

268 1866 311 1911 et
354 1864 686 1912 additamento
730 1863 861 1925 quod
909 1865 1180 1911 extremum
1221 1864 1328 1922 (ubi
1373 1863 1627 1911 verborum
1666 1863 1883 1911 ordinem
1925 1865 2120 1911 invertit
2159 1863 2368 1922 Gellius)
2409 1866 2453 1911 et

266 1946 480 1994 aliorum
507 1948 941 2007 yrammaticorum
973 1946 1055 2005 (cf.
1089 1943 1383 2001 testimonia)
1414 1945 1607 1992 iudicio

419 2036 500 2096 78,
530 2037 611 2082 12.
679 2034 752 2094 Of.
791 2050 843 2095 Ρ.
882 2036 964 2090 90,
995 2035 1049 2082 5.·
1096 2035 1224 2087 unde
1269 2033 1567 2094 Proserpina
1614 2033 1842 2081 addenda
1889 2034 2252 2095 trayoediarum
2299 2035 2449 2082 indici

265 2116 608 2172 RibbeckianO,
642 2130 750 2164 cum
781 2117 867 2164 hoc
897 2115 996 2163 loeo
1021 2117 1232 2175 corriyat
1261 2115 1409 2163 choro
1435 2115 1723 2162 Ribbeckius
1746 2117 1851 2162 sinc
1875 2116 2218 2175 probabilitate
2247 2116 2301 2162 in
2324 2115 2448 2163 Hec-

266 2200 374 2246 tore
406 2199 479 2246 vel
509 2198 653 2260 Equo
687 2198 916 2246 Troiano.

419 2287 502 2347 78,
531 2289 613 2335 13.
655 2287 785 2334 enim
803 2290 916 2346 post
938 2288 1063 2348 quis,
1096 2285 1223 2347 quod
1248 2299 1303 2335 ex
1319 2286 1596 2333 Havniensi
1618 2288 1794 2346 recepit
1816 2286 2118 2342 Ribbeckius,
2144 2287 2206 2335 ab
2231 2287 2451 2335 omnibus

267 2368 407 2417 libris
446 2370 624 2424 ceteris,
667 2370 811 2416 etiam
842 2369 1001 2425 Laeti,
1040 2369 1196 2415 abest:
1233 2368 1393 2428 itaque
1431 2366 1784 2427 interpolatum.
1845 2366 1919 2427 C'f.
1953 2368 2055 2415 Leo
2090 2364 2153 2415 ‘d.
2185 2372 2275 2416 sat.
2313 2364 2448 2416 Vers’

256 2465 313 2510 Ρ.
344 2451 417 2498 35
449 2452 532 2511 qui
565 2451 712 2499 verba
743 2452 1013 2510 septenario
1045 2450 1279 2498 trochaico
1310 2448 1517 2497 includit
1551 2445 1644 2507 (‘es
1675 2450 1807 2497 kann
1839 2451 1916 2497 ein
1947 2450 2263 2498 trochdischer
2292 2449 2451 2510 Septe-

265 2546 363 2579 nar
394 2533 467 2580 bis
497 2547 587 2581 zur
618 2531 901 2581 drittletzten
931 2532 990 2578 H
988 2532 1142 2591 ebuny
1178 2526 1342 2589 sein').

420 2622 502 2681 79,
532 2623 576 2669 1.
615 2621 714 2668 Pro
747 2621 856 2669 dico
890 2621 979 2683 qui
1009 2620 1297 2668 Ribbeckius
1327 2621 1503 2680 fraym.
1538 2612 1620 2667 tr.³
1644 2634 1695 2679 p.
1731 2622 1803 2667 36
1835 2620 1944 2669 dico
1977 2621 2154 2669 vicisse
2177 2622 2448 2681 proposuit,

265 2702 423 2750 verbis
454 2717 562 2750 eum
592 2703 721 2751 Non.
757 2704 880 2759 306,
904 2703 979 2751 28
1010 2704 1287 2750 coniunctis.
2593 2723 2600 2751 ι

419 2786 501 2846 79,
528 2785 575 2832 8.
617 2783 716 2833 dici
746 2800 896 2832 numo
929 2798 1037 2832 cum
1067 2784 1273 2832 Budaeo
1308 2783 1545 2832 Victorius
1555 2800 1572 2842 ‚·
1604 2782 1852 2831 addicitur
1883 2799 2087 2831 nummo
2111 2783 2300 2844 Popma
2331 2784 2449 2844 affe-

265 2880 379 2914 rens
409 2866 535 2913 inter
567 2867 670 2915 alia
706 2853 803 2915 Cic.
826 2880 922 2926 pro
955 2866 1080 2914 Rab.
1112 2865 1239 2913 Post.
1274 2865 1346 2912 45
1378 2858 1506 2931 (tua,
1537 2863 1787 2925 Postume,
1819 2880 2019 2912 nummo
2052 2864 2279 2913 sestertio
2312 2881 2341 2912 a
2371 2881 2449 2913 me

269 2943 587 3009 addicuntur)
625 2951 669 2995 et
701 2948 746 2995 V
744 2963 835 2995 err.
860 2947 950 2995 IV
981 2947 1049 2995 53
1082 2941 1162 3013 (ut
1192 2948 1360 3008 posset
1391 2946 1552 2994 dicere
1583 2961 1633 2995 se
1666 2947 1840 2994 emisse
1870 2946 2189 3010 Archagatho
2222 2946 2450 3008 imperat,

266 3030 324 3075 ut
354 3029 454 3076 illis
488 3028 679 3091 aliquid
712 3066 721 3076 .
756 3068 767 3078 .
802 3066 811 3075 .
844 3028 1215 3076 nummulorum
1245 3027 1367 3075 dicis
1401 3041 1549 3075 causa
1581 3020 1759 3093 daret).
1811 3027 1864 3075 V.
1897 3028 2063 3076 testim.

420 3118 503 3178 79,
531 3119 575 3165 9.
616 3112 776 3182 (nec)
807 3118 984 3165 scienti
1016 3132 1166 3179 quom
1199 3115 1244 3163 ei
1276 3115 1408 3177 quod
1439 3115 1571 3162 Ellis
1602 3114 1632 3162 l.
1664 3129 1703 3162 s.
1735 3129 1772 3165 s.
1797 3131 1849 3176 p.
1884 3118 2006 3165 360.

426 3200 509 3258 79,
539 3202 602 3246 11
624 3213 692 3259 sq.
734 3199 795 3247 ab
828 3215 884 3247 eo
917 3198 1005 3261 qui
1036 3200 1130 3247 scit
1161 3198 1346 3257 docere,
1377 3193 1633 3261 <doctor>,
1665 3199 1738 3246 est
1770 3198 1869 3246 dux
1894 3213 1930 3246 e.
1948 3213 2045 3259 qs
2076 3198 2242 3247 Reiter
2255 3214 2309 3259 Ρ.
2338 3198 2448 3258 5sq.

421 3282 504 3341 79,
532 3282 614 3329 15.
664 3281 833 3340 Neque
876 3297 900 3327 e
950 3278 1318 3342 praepositione
1362 3276 1456 3338 (sic
1476 3277 1538 3326 A.
1562 3277 1670 3340 Sp.)
1714 3294 1864 3339 neque
1896 3296 1955 3328 ex
1995 3279 2316 3342 impositione
2358 3279 2450 3339 (sic

266 3361 371 3422 Sp„
413 3363 497 3422 qui
538 3365 683 3410 antea
718 3363 776 3410 de
807 3362 1007 3424 disputo
1040 3363 1090 3409 et
1120 3361 1352 3422 computo
1389 3360 1464 3407 vel
1501 3359 1756 3423 disputare
1789 3363 1839 3409 et
1869 3363 2156 3425 computare
2194 3360 2448 3422 coqita'rat)

267 3458 419 3503 neque
452 3459 509 3490 ex
540 3444 861 3506 proportione
894 3442 986 3504 (sio
1019 3441 1201 3503 Canal)
1234 3442 1494 3489 sententiae
1523 3442 1799 3502 respondet:
1842 3446 1982 3503 atque
2013 3442 2071 3491 de
2091 3443 2450 3503 praepositione
2571 3503 2575 3506 ῃ

266 3526 377 3585 ipsa
399 3526 444 3573 si
467 3526 715 3585 coqitasset
747 3525 918 3582 Varr0,
949 3523 1292 3588 praeverbium
1324 3522 1535 3572 dixisset.
1573 3523 1671 3571 Sed
1698 3525 1906 3584 fortasse
1929 3539 1955 3570 e
1978 3523 2317 3586 propositione
2340 3537 2449 3572 eum
2544 3533 2546 3535 ’

268 3607 430 3655 eodem
472 3605 555 3667 Sp.
602 3608 791 3656 servari
826 3609 996 3668 potest,
1041 3607 1087 3655 si
1130 3605 1406 3669 propositio
1438 3631 1511 3637 —
1541 3607 1597 3653 ut
1640 3606 1774 3667 apud
1823 3606 2097 3655 Ciceronem
2131 3631 2195 3638 —
2166 3605 2451 3667 desiqnat
2547 3666 2549 3668 ,

265 3689 505 3737 notionem
528 3711 585 3726 =
611 3684 977 3749 ‘Vorstellun9’.
1021 3686 1098 3749 Of.
1129 3688 1275 3735 etiam
1305 3686 1372 3736 ad
1394 3702 1448 3747 p.
1479 3687 1569 3743 84,
1592 3688 1630 3735 8
1651 3701 1688 3735 s.
1713 3688 1749 3747 f.

417 3770 503 3830 80,
531 3771 559 3818 7
577 3784 646 3830 sq.
689 3769 764 3830 Of.
795 3770 919 3818 Mue
949 3770 1016 3819 ad
1048 3769 1174 3818 Fest.
1207 3763 1358 3817 Pauli
1378 3781 1431 3828 Ρ
1465 3762 1554 3825 25,
1581 3770 1664 3825 10,
1687 3770 1972 3818 Mommsen
2003 3767 2147 3829 apud
2167 3735 2443 3825 Bruanium
