2600 4198
279 179 387 232 258
1133 176 1604 222 ADNOTATIONES

430 319 517 378 45,
544 319 590 366 3.
632 334 662 366 a
694 317 914 374 fastidio,
938 317 1066 378 quod
1087 318 1185 377 suit
1207 318 1261 364 in
1284 317 1454 373 codice,
1478 331 1575 365 non
1598 319 1712 366 ausi
1733 331 1903 366 sumus
1927 332 2036 365 eum
2059 332 2088 364 v
2120 320 2174 366 in
2198 334 2228 365 a
2253 318 2460 381 cupedio

280 402 485 455 mutare,
505 401 800 458 praesertim
826 414 934 446 eum
958 399 1331 459 significationis
1353 400 1542 447 ratione
1566 399 1662 446 duo
1685 399 1921 448 voeabula
1944 400 2230 448 cohaereant
2238 416 2255 458 ‚·
2277 401 2336 460 cf.
2357 399 2462 449 TG.

283 474 489 545 (cuppas
532 479 838 541 fastidiosus,
882 479 1210 542 cuppediosus
1256 472 1518 544 superbus)
1529 497 1544 527 .·
1586 481 1715 529 unde
1756 484 1876 528 nata
1923 481 2193 529 coniectura
2225 496 2370 540 quam
2410 484 2465 530 in

284 565 531 620 apparatu
552 563 824 621 posuimus.

431 651 517 710 45,
546 652 588 697 7.
635 649 708 709 Of.
741 650 1007 698 Stowasser
1037 650 1068 697 l.
1099 663 1137 696 3.
1170 664 1208 697 3.
1231 664 1284 709 Ρ.
1318 649 1395 697 ΙΙ.

431 732 519 791 45,
546 734 592 779 9.
637 731 710 791 Of.
743 730 942 779 Selculze
972 732 1002 778 l.
1034 745 1071 778 3.
1105 745 1142 778 3.
1166 745 1218 789 Ρ.
1259 730 1366 778 562
1396 731 1509 778 adn.
1543 732 1592 779 2.

433 814 519 873 45,
547 814 629 861 1Ο.
683 812 937 861 Cornelius
972 812 1099 860 Stilo
1133 815 1412 872 corruptum
1445 815 1536 860 est:
1578 813 1664 860 ubi
1697 812 1745 860 O.
1780 811 1952 860 Aelius
1986 812 2113 860 Stilo
2144 813 2285 874 vulyo
2318 812 2467 872 (quod

281 896 446 942 minus
476 894 731 954 probabile
771 908 868 942 esse
899 895 1066 942 Mente
1097 908 1149 953 Ρ.
1187 893 1254 940 57
1290 894 1526 954 adnotat).
1584 893 1711 942 Stilo
1744 894 1821 941 del
1856 892 1906 941 Ο.
1925 894 2164 952 Mueller;
2214 893 2466 943 Cornelius

285 975 495 1023 Sisenna
540 976 737 1024 coniecit
778 992 874 1023 van
907 976 1120 1030 Heuscle‚
1167 973 1363 1022 Caelius
1398 967 1476 1040 (=
1502 969 1792 1039 Antipater)
1827 969 2003 1039 [Stilo]
2034 976 2202 1024 Mente
2241 976 2468 1023 mendum

283 1058 596 1116 artificiosius
626 1058 885 1117 explicans,
913 1051 1174 1104 Cornelius
1201 1056 1340 1103 Sulla
1357 1057 1595 1104 Funaioli
1619 1056 1865 1116 (Gramm.
1892 1056 2030 1104 Rom.
2056 1058 2230 1117 fraym.
2248 1072 2300 1116 Ρ.
2323 1056 2467 1114 105),

283 1140 366 1200 qul
400 1153 498 1198 Ρνο
533 1140 728 1186 secutus
759 1139 947 1186 mavult
989 1140 1038 1186 et
1071 1136 1305 1195 Catulus;
1349 1152 1415 1185 an
1456 1139 1554 1198 fuit
1584 1137 1839 1185 Cornelius
1884 1132 2007 1203 (soil.
2040 1131 2283 1204 prodidit)
2318 1136 2466 1186 Stilo-

283 1215 466 1283 <nem>
499 1222 694 1267 secutus
712 1220 736 1265 .9
777 1234 895 1266 nam
938 1220 1063 1278 quod
1104 1219 1261 1267 Varro
1294 1219 1494 1266 Aelium
1525 1219 1681 1267 dicere
1723 1219 1852 1274 solet,
1894 1233 1993 1266 non
2025 1220 2191 1275 obstat,
2233 1220 2469 1278 siquidem

284 1300 539 1349 Cornelius
580 1303 683 1360 ipse
727 1297 993 1348 ‘Stilonem’
1039 1315 1087 1348 se
1130 1302 1265 1360 sequi
1304 1301 1503 1348 dioeersit:
1546 1302 1605 1360 of.
1650 1301 1775 1360 quod
1817 1300 2026 1348 Plautus·
2068 1301 2211 1349 semel
2242 1302 2466 1349 Maecius

280 1383 476 1431 (licitur.

436 1472 522 1530 45,
551 1473 615 1518 21
640 1486 706 1530 sq.
759 1472 837 1518 De
879 1471 1059 1518 lacuna
1101 1471 1285 1518 maiore
1318 1475 1431 1530 post
1474 1472 1623 1532 atque
1667 1472 1838 1531 eoyitat
1867 1471 1933 1517 H.
1959 1472 2097 1519 Peter
2138 1473 2191 1518 in
2233 1471 2316 1519 rel.
2360 1472 2466 1519 hist.

282 1551 432 1612 (quod
466 1554 643 1600 ibidem
676 1551 901 1601 Curtium
934 1554 1052 1608 eicit,
1083 1553 1136 1599 id
1158 1556 1272 1613 post
1294 1553 1531 1611 Popmam
1563 1555 1605 1600 et
1628 1552 1924 1600 Muellerum
1955 1554 2008 1599 z'n
2032 1551 2162 1600 Add.
2186 1567 2238 1612 Ρ.
2260 1554 2364 1600 301
2383 1551 2466 1612 Sp.

273 1634 552 1694 proposuit)
565 1652 581 1693 ,·
612 1637 670 1695 ef.
704 1634 940 1682 Buettner
969 1634 1104 1681 Poro.
1131 1634 1237 1683 Lie.
1262 1649 1315 1694 Ρ.
1346 1636 1465 1682 187.

432 1725 517 1785 46,
548 1725 628 1772 12.
669 1725 913 1771 maximus
936 1737 1032 1783 Ρνο
1064 1725 1284 1772 meeinus
1315 1727 1502 1772 tutatur
1533 1726 1676 1772 etiam
1699 1725 1897 1771 Pollaek
1929 1720 2117 1784 ‘encycl
2143 1720 2280 1772 real'
2306 1738 2342 1771 3.
2376 1723 2467 1771 cir-

284 1820 381 1852 cus.
440 1804 513 1865 Cf.
548 1806 767 1853 Huelsen
804 1806 858 1852 in
886 1805 1098 1852 Iordanz'
1130 1809 1306 1865 topoyr,
1341 1806 1379 1852 Ι
1406 1808 1439 1852 3
1461 1820 1513 1864 Ρ.
1552 1807 1658 1853 162
1690 1806 1804 1853 aoln.
1837 1807 1908 1854 29
1954 1806 2011 1853 de
2042 1806 2221 1853 lacuna
2254 1820 2309 1853 ex
2340 1805 2463 1852 Plut.

282 1886 421 1935 Rom.
455 1889 529 1935 23
564 1887 809 1947 explenda.

432 1977 518 2037 46,
547 1978 628 2023 17.
679 1975 735 2024 δι’
776 1980 898 2024 reete
940 1977 1252 2037 eoyitavimus
1296 1976 1354 2023 de
1385 1973 1477 2039 <ut
1517 1971 1756 2038 amores),
1787 1976 1872 2023 hoe
1916 1977 2012 2023 loeo
2056 1978 2350 2024 coemuntur
2382 1976 2467 2023 ad-

282 2058 486 2105 hibitum
520 2061 574 2105 ul
607 2072 662 2106 ea
696 2060 970 2118 composita,
1003 2058 1061 2106 de
1091 2059 1264 2119 quibus
1297 2058 1363 2105 ad
1384 2073 1438 2117 Ρ.
1468 2060 1551 2113 61,
1579 2060 1648 2104 16
1679 2058 1897 2105 dicimus,

439 2142 523 2201 47,
552 2141 598 2187 2.
642 2139 716 2199 Cf.
741 2141 1016 2187 Mommsen
1042 2135 1284 2187 ‘Staalsn’
1312 2139 1383 2185 II
1404 2132 1459 2185 13
1481 2153 1534 2198 Ρ.
1563 2139 1684 2194 145,
1714 2140 1800 2187 ubi
1833 2153 1888 2186 ex
1910 2139 2091 2187 Naevii
2124 2139 2239 2186 bello
2264 2139 2467 2186 Poenico

283 2234 478 2268 versum
511 2222 815 2281 desumptum
846 2235 945 2269 esse
976 2223 1149 2270 conicit
1180 2221 1453 2280 obloquente
1483 2220 1752 2268 Ribbeekio

438 2304 523 2363 47,
552 2305 633 2350 13.
673 2303 812 2350 Nihil
835 2305 1132 2351 mutavimus
1143 2320 1160 2362 ,·
1185 2302 1323 2351 ouius
1347 2302 1444 2349 loci
1468 2301 1519 2348 id
1543 2301 1854 2363 vocabulum,
1881 2302 2011 2362 quod
2040 2317 2096 2348 ex
2122 2302 2269 2358 Mue,·
2299 2314 2469 2349 sensus

285 2387 375 2432 est:
408 2385 539 2445 quod
571 2386 644 2431 ita
676 2385 973 2446 appellatur,
1004 2384 1076 2431 ibi
1109 2399 1144 2432 e.
1169 2400 1211 2446 q.
1237 2399 1274 2431 3.

433 2467 518 2527 47,
548 2467 628 2513 16.
674 2465 744 2526 Of
785 2468 869 2523 43,
898 2468 941 2514 6.

437 2548 521 2610 48,
550 2549 579 2595 9
599 2562 666 2609 sq.
705 2548 894 2611 Argola
919 2564 1004 2596 seu
1019 2547 1154 2611 Argo
1171 2546 1297 2595 Seal.
1330 2548 1520 2611 Argola
1545 2563 1629 2595 seu
1646 2547 1836 2610 Agrola
1851 2548 1986 2595 Mue.
2019 2545 2089 2594 At
2111 2559 2261 2606 neque
2278 2546 2467 2608 Argola

283 2643 434 2691 neque
469 2644 557 2677 seu
587 2631 709 2689 ferri
732 2633 902 2689 potest,
924 2644 1020 2690 pro
1053 2644 1144 2690 quo
1178 2644 1286 2677 eum
1319 2629 1442 2693 Argi
1481 2630 1581 2676 leto
1614 2630 1797 2677 dederit
1831 2628 2003 2684 Canal,
2034 2628 2170 2691 Argo
2202 2621 2467 2691 hos<pite>

285 2706 579 2774 Eu<andri>
612 2713 711 2758 coll.
738 2710 905 2759 Servio
930 2713 983 2758 in
1006 2710 1129 2759 Aen.
1158 2711 1304 2759 VIII
1322 2712 1432 2759 345
1458 2712 1653 2759 coniecit
1673 2709 1857 2759 Seleoell
1882 2703 2040 2776 (Argo
2073 2709 2249 2771 hospes
2277 2701 2466 2774 Groth)‚

285 2792 481 2855 Argillo
517 2790 686 2841 Cassio
720 2794 888 2841 collato
915 2792 1047 2841 Serv.
1073 2793 1206 2841 Dan.
1238 2794 1415 2841 ibidem
1449 2793 1606 2848 Goetz,
1637 2793 1772 2854 Argo
1806 2791 1938 2839 Iasio
1970 2791 2232 2838 Buecheler
2262 2791 2316 2838 in
2345 2789 2467 2838 libro

288 2873 542 2922 Funaiolii
563 2889 616 2934 Ρ.
653 2874 773 2922 115.
817 2873 889 2934 Of:
923 2875 1088 2922 Keller
1122 2869 1587 2935 ‘Volksetyrnoloyie'
1612 2889 1665 2934 Ρ.
1692 2874 1813 2922 315.

435 2964 518 3023 48,
548 2965 630 3010 13.
670 2964 847 3011 Florae
880 2978 1020 3012 susus
1052 2964 1102 3012 J.
1128 2963 1217 3011 Fr.
1255 2963 1449 3012 Gronov
1482 2964 1548 3011 ad
1583 2962 1702 3011 Gell.
1737 2962 1825 3009 IX
1853 2964 1902 3018 4,
1935 2977 2076 3010 susus
2109 2976 2217 3010 ewm
2241 2960 2366 3008 Seal.

436 3045 522 3104 49,
550 3046 614 3092 13
630 3058 729 3104 sqq.
770 3045 1034 3106 impluium
1061 3048 1103 3092 et
1123 3058 1233 3092 mox
1258 3045 1581 3106 compluium,
1606 3044 1732 3104 quod
1756 3044 1899 3090 codex
1925 3044 2117 3099 exhibet,
2140 3044 2346 3103 fortasse
2369 3054 2467 3088 non

285 3127 381 3184 fuit
411 3126 793 3174 sollicitandmn:
824 3128 883 3186 cf.
917 3127 1187 3188 simpuium
1220 3127 1306 3181 38,
1327 3128 1409 3173 16.
1434 3152 1495 3158 -
1516 3125 1595 3173 De
1626 3140 1794 3173 susum
1825 3126 1884 3184 ef.
1905 3125 2089 3173 Vahlen
2109 3124 2192 3184 ΟΡ.
2211 3124 2247 3170 I
2256 3137 2310 3183 Ρ.
2344 3124 2463 3171 161.

437 3215 522 3275 50,
551 3218 595 3262 1.
647 3211 909 3278 domu<i>s
940 3215 1127 3263 Ruso-hl
1161 3214 1246 3274 ΟΡ.
1280 3215 1366 3262 IV
1385 3230 1437 3275 Ρ.
1476 3217 1578 3262 171
1613 3214 1714 3261 eoll.
1747 3213 1869 3261 Non.
1898 3228 1952 3273 Ρ.
1988 3215 2110 3269 491,
2134 3214 2203 3262 21
2249 3205 2466 3278 (domnis

286 3312 377 3357 pro
410 3295 596 3344 domus.
637 3296 797 3344 Varro
825 3333 835 3343 .
862 3337 870 3345 .
899 3290 948 3362 ..)

439 3379 523 3438 50,
549 3378 596 3425 4.
636 3373 856 3441 (quam)
881 3380 1131 3442 regionem
1153 3377 1373 3425 Huelsen
1402 3380 1457 3426 in
1480 3377 1688 3425 10νάαηὶ
1721 3380 1896 3437 topoyr.
1917 3376 1953 3422 I
1981 3378 2015 3423 3
2039 3391 2092 3436 Ρ.
2127 3375 2227 3423 154
2260 3376 2373 3424 adn.
2395 3376 2465 3424 10

289 3457 371 3518 (cf.
404 3459 444 3506 I
472 3462 501 3506 1
526 3474 581 3519 Ρ.
614 3461 720 3507 234
756 3463 799 3506 et
829 3460 867 3506 I
893 3461 1000 3519 3Ρ.
1038 3459 1145 3507 185
1177 3459 1291 3507 adn.
1328 3459 1433 3519 10).

439 3541 523 3600 50,
549 3541 596 3588 5.
640 3539 714 3600 Cf.
750 3541 933 3589 Vahlen
963 3543 1017 3589 in
1038 3542 1202 3601 praef.
1236 3533 1393 3589 Enn.²
1415 3556 1467 3600 Ρ.
1495 3540 1592 3596 XI,
1629 3540 1866 3588 Wissowa
1899 3535 2020 3586 ‘Rel
2054 3554 2099 3586 u.
2134 3537 2268 3586 Kult.
2303 3536 2347 3585 d.
2381 3531 2463 3584 R?

279 3637 332 3681 Ρ.
369 3622 476 3669 195
507 3622 619 3670 adn.
655 3625 702 3669 4.

439 3704 524 3763 50,
553 3705 633 3752 10.
695 3703 866 3752 bucita
903 3705 995 3764 def.
1027 3704 1246 3752 Solmsen
1286 3705 1341 3752 in
1370 3705 1541 3751 Kulznl
1570 3701 1676 3752 Act.
1722 3706 1751 3750 t.
1786 3702 2033 3749 XXXIV
2060 3715 2113 3761 Ρ.
2150 3702 2244 3757 14,
2285 3699 2464 3748 buceta

289 3783 625 3832 Nieclermann
658 3780 951 3846 ‘Indoqerm
975 3781 1193 3834 Forselz?
1229 3785 1283 3832 X
1309 3783 1384 3846 [a.
1421 3783 1593 3846 1899]
1616 3799 1669 3845 Ρ.
1694 3783 1805 3832 256
1815 3799 1833 3842 ,·
1861 3798 1904 3831 v.
1933 3782 2106 3832 Walde
2135 3797 2173 3830 3.
2204 3797 2246 3831 v.
2552 3784 2555 3785 ’
