2600 4198
88 1140 163 1174 10.

812 182 971 227 LIBRI
1002 182 1151 226 XXIV
1181 182 1258 226 ΕΤ
1289 181 1404 227 INC.
1436 181 1663 227 FRAGM.
2124 224 2131 231 .
2227 183 2331 237 197

423 319 829 388 disiunguntur,
884 318 1182 387 pugnantia
1228 336 1341 371 esse
1389 319 1530 370 inter
1584 336 1696 371 sese
1752 322 1985 388 oportet,
2041 336 2333 388 eorumque

423 406 686 476 opposita,
720 424 855 474 quae
888 405 1234 475 ἀντικείμενα
1261 405 1446 459 Graeci
1481 407 1679 475 dicunt,
1711 425 1773 459 ea
1803 425 2015 475 quoque
2047 408 2163 476 ipsa
2194 407 2335 460 inter

422 514 478 548 se
528 496 749 548 adversa
799 513 928 548 esse.
1002 513 1066 547 ex
1113 495 1360 548 omnibus
1413 513 1547 564 quae
1595 496 1974 566 disiunguntur
2013 515 2180 548 unum
2220 514 2334 549 esse

426 602 605 636 verum
655 583 833 651 debet,
884 584 1021 636 falsa
1069 587 1254 636 cetera.
1320 583 1511 652 quodsi
1560 587 1651 636 aut
1690 583 1827 636 nihil
1867 585 2107 636 omnium
2147 603 2332 637 verum

423 676 517 725 aut
556 673 736 725 omnia
766 673 987 741 plurave
1027 691 1186 741 quam
1227 691 1394 724 unum
1427 690 1551 725 vera
1583 676 1737 725 erunt
1777 676 1869 725 aut
1903 692 2037 741 quae
2071 673 2336 726 disiuncta

424 765 549 814 sunt
588 780 696 814 non
735 761 1055 831 pugnabunt
1086 765 1179 813 aut
1220 779 1354 829 quae
1395 762 1645 830 opposita
1677 779 1861 814 eorum
1902 765 2027 813 sunt
2067 762 2337 815 contraria

421 850 560 902 inter
606 868 718 902 sese
766 868 871 902 non
922 853 1097 916 erunt,
1144 854 1259 902 tum
1306 850 1360 901 id
1409 841 1732 902 disiunctum
1779 851 2116 904 mendacium
2163 855 2243 903 est
2283 854 2337 902 et

421 937 722 1007 appellatur
759 936 1312 1007 παραδιεζευγμένον,
1354 937 1510 990 sicuti
1550 938 1654 990 hoc
1695 942 1787 1006 est,
1828 938 1882 990 in
1925 957 2029 1007 quo
2071 957 2204 1007 quae
2246 957 2335 1008 op-

421 1029 599 1096 posita
637 1046 748 1080 non
788 1030 912 1079 sunt
953 1027 1240 1080 contraria:
1283 1027 1395 1078 ‘aut
1434 1027 1602 1080 curris
1643 1030 1737 1078 aut
1775 1028 2018 1079 ambulas
2058 1031 2151 1080 aut
2191 1029 2334 1080 stas'.

420 1135 544 1168 nam
585 1117 703 1185 ipsa
742 1116 958 1184 quidem
997 1117 1137 1168 inter
1188 1134 1242 1167 se
1284 1116 1503 1168 adversa
1543 1119 1684 1184 sunt,
1732 1116 1821 1169 sed
1862 1117 2109 1186 opposita
2151 1136 2335 1169 eorum

421 1223 529 1257 non
568 1208 834 1276 pugnant:
874 1224 983 1258 non
1015 1205 1289 1258 ambulare
1323 1205 1464 1256 enim
1506 1209 1558 1258 et
1590 1223 1697 1257 non
1732 1209 1870 1258 stare
1903 1210 1955 1258 et
1986 1224 2096 1258 non
2128 1223 2338 1259 currere

424 1295 692 1347 contraria
731 1295 872 1347 inter
912 1313 1024 1347 sese
1064 1312 1173 1347 non
1213 1298 1353 1364 sunt⁷
1394 1294 1646 1362 quoniam
1689 1295 1954 1348 contraria
1994 1314 2054 1348 ea
2086 1295 2338 1348 dicuntur

424 1402 558 1452 quae
600 1383 760 1435 simul
798 1402 923 1436 Vera
963 1402 1077 1435 esse
1116 1402 1225 1435 non
1267 1386 1491 1452 queunt:
1530 1384 1704 1452 possis
1746 1384 1887 1436 enim
1930 1384 2091 1436 simul
2132 1385 2340 1437 eodem-

425 1491 527 1541 que
567 1476 806 1542 tempore
846 1492 1021 1541 neque
1063 1472 1335 1524 ambulare
1375 1491 1548 1542 neque
1590 1476 1728 1537 stare
1768 1491 1939 1542 neque
1980 1492 2203 1526 currere.

93 1584 134 1616 15
159 1561 231 1614 30
271 1560 362 1633 (37
401 1559 560 1632 [23]).
618 1579 737 1613 cum
778 1562 1013 1613 indidem
1045 1562 1356 1614 haurierint.

90 2134 133 2166 20

672 1739 1053 1793 LIBRORVM
1092 1740 1190 1792 DE
1232 1738 1510 1792 LINGVA
1551 1738 1825 1792 LATINA

575 1841 879 1884 INCERTAE
914 1841 1081 1885 sums
1115 1840 1494 1885 FRAGMENTA
1525 1841 1915 1894 INCERTAQVE

157 1933 224 1986 31
270 1933 401 2003 [32].
458 1951 703 2002 proceres
744 1933 836 2001 qui
875 1936 1252 2002 processerunt
1285 1936 1406 1985 ante
1440 1933 1595 1985 alios:
1636 1933 1774 1985 unde
1816 1937 1867 1985 et
1906 1952 2148 2002 proceres
2188 1935 2341 2004 tigna

424 2040 558 2091 quae
600 2021 705 2074 alia
735 2022 886 2092 tigna
925 2041 1085 2091 porro
1125 2025 1476 2074 excesserunt.

158 2112 229 2164 32
269 2109 365 2183 (24
400 2109 559 2180 [28]).
616 2111 792 2163 8011101·
831 2114 884 2163 et
923 2112 1101 2163 iunior
1141 2111 1492 2180 comparativi
1533 2114 1659 2164 sunt
1701 2130 1797 2180 per
1838 2112 2263 2164 inminutionem.

158 2201 228 2254 33
270 2198 363 2272 (38
401 2198 562 2272 [30]).
620 2204 781 2270 caput
821 2242 830 2251 .
867 2243 876 2252 .
912 2243 920 2252 .
963 2201 1108 2268 quod
1154 2201 1282 2253 hinc
1329 2201 1542 2269 capiant
1589 2201 1803 2253 initium
1852 2220 2036 2253 sensus
2077 2219 2138 2254 ac
2176 2201 2340 2254 nervi.

158 2290 230 2343 34
270 2287 364 2361 (39
400 2288 560 2359 [31]).
617 2287 813 2360 (Varro
855 2288 1008 2360 dicit)
1050 2291 1189 2342 alam
1232 2291 1467 2343 culmum
1509 2289 1676 2342 fabae.

316 2469 368 2508 15
405 2466 503 2509 GL.
531 2467 594 2509 II
613 2469 716 2519 540,
735 2469 762 2509 3
795 2465 1047 2521 <invenitur
1077 2466 1235 2510 tamen
1261 2465 1405 2509 etiam
1429 2466 1613 2509 haurivi
1638 2465 1710 2510 vel
1734 2466 1901 2509 haurii.
1935 2466 2082 2509 Varro
2107 2466 2156 2508 in
2173 2465 2343 2508 XXIIII

160 2525 247 2584 [vel
277 2524 446 2582 XXIII]
482 2526 606 2567 ‘cum
633 2559 641 2568 .
671 2560 678 2568 .
709 2561 715 2569 .
742 2524 1041 2581 haurierint')
1073 2526 1086 2581 Η
1120 2529 1174 2568 18
1207 2526 1337 2569 schol.
1371 2526 1465 2570 eod.
1492 2526 1647 2570 Ambr.
1682 2527 1733 2568 in
1759 2527 1872 2569 Aen.
1900 2527 1995 2569 III
2020 2529 2080 2569 58
2113 2527 2341 2581 (proceres

164 2584 308 2628 Varro
342 2584 402 2627 ad
435 2583 701 2628 Ciceronem
734 2584 853 2627 dixit
887 2585 1118 2640 ‘proceres
1146 2619 1153 2627 .
1182 2618 1191 2627 .
1220 2620 1227 2627 .
1255 2586 1615 2641 excesserunt’);
1647 2585 1766 2629 Serv.
1801 2586 1852 2628 in
1883 2587 1997 2629 Aen.
2032 2586 2067 2628 I
2092 2588 2180 2628 740
2221 2586 2342 2641 (pro-

161 2657 286 2687 ceres
320 2645 476 2687 autem
507 2643 614 2688 ideo
647 2643 902 2688 secundum
934 2643 1189 2686 Varronem
1220 2644 1455 2700 principes
1489 2644 1693 2688 civitatis
1727 2644 1960 2699 dicuntur,
1993 2644 2104 2699 quia
2136 2644 2342 2687 eminent

159 2703 207 2746 in
242 2715 312 2757 ea,
356 2703 476 2746 sicut
521 2703 567 2745 in
603 2702 828 2746 aedificiis
859 2702 1030 2746 mutuli
1063 2703 1268 2757 quidam,
1313 2703 1400 2746 hoc
1433 2704 1504 2747 est
1536 2703 1694 2759 capita
1725 2703 1945 2758 trabium,
1979 2717 2096 2759 quae
2127 2716 2341 2759 proceres

160 2762 502 2818 nominantur);
538 2763 687 2807 TG.s.
706 2777 746 2806 v.
781 2761 943 2819 (Varro
971 2762 1091 2805 dixit
1123 2762 1254 2819 ligna
1287 2776 1384 2806 esse
1417 2763 1553 2806 tectis
1579 2763 1906 2819 prominentia,
1934 2763 2058 2819 quod
2082 2763 2342 2818 procedunt

161 2824 292 2866 extra
335 2821 537 2878 parietes
582 2821 648 2865 sic
694 2821 950 2878 appellata)
962 2839 978 2876 ,·
1021 2823 1077 2875 cf.
1111 2822 1230 2866 Serv.
1266 2822 1392 2866 Dan.
1433 2824 1484 2865 in
1517 2824 1632 2866 Aen.
1667 2824 1761 2866 III
1786 2826 1869 2876 58,·
1912 2824 2024 2867 Isid.
2060 2823 2140 2866 IX
2169 2827 2211 2876 4,
2238 2825 2295 2865 17
2327 2824 2341 2878 Η

162 2885 218 2924 20
250 2881 369 2926 Serv.
404 2883 456 2925 in
493 2882 602 2925 Aen.
631 2882 674 2925 V
699 2885 790 2925 409
823 2881 1097 2937 (secundum
1129 2881 1383 2925 Varronem
1425 2881 1578 2925 senior
1604 2917 1613 2925 .
1641 2916 1649 2924 .
1679 2918 1686 2925 .
1721 2880 2078 2926 inminutionem
2114 2918 2120 2925 .
2151 2917 2157 2924 .
2188 2918 2195 2925 .
2230 2895 2341 2937 ergo

161 2940 314 2984 senior
344 2954 437 2983 non
470 2940 584 2984 satis
617 2954 755 2984 senex
789 2941 910 2983 sicut
948 2940 1101 2984 iunior
1132 2955 1222 2984 non
1257 2941 1370 2984 satis
1414 2941 1606 2997 iuvenis,
1650 2941 1776 2985 intra
1806 2941 2020 2985 iuvenem
2065 2941 2184 2984 sicut
2227 2955 2341 2996 pau-

159 2999 314 3056 perior
351 3000 476 3043 intra
518 3014 784 3056 pauperem.
851 2999 966 3043 dicit
1009 3001 1165 3043 autem
1209 3001 1297 3044 hoc
1329 3000 1475 3044 Varro
1519 3001 1567 3043 in
1611 3000 1742 3045 libris
1787 3001 1846 3044 ad
1879 3000 2163 3056 Ciceronem)
2208 3006 2249 3044 et
2290 3002 2342 3044 in

161 3060 276 3103 Aen.
302 3059 377 3103 VI
401 3062 489 3103 304
528 3060 698 3115 (senior
729 3061 800 3103 est
829 3059 984 3103 virens
1018 3073 1157 3103 senex
1188 3061 1241 3103 ut
1272 3060 1426 3103 iunior
1459 3060 1544 3117 [vel
1586 3060 1815 3119 iuvenior]
1847 3060 1973 3103 intra
2003 3060 2217 3103 iuvenem
2250 3061 2340 3103 est:

163 3131 304 3173 quam
344 3131 443 3162 rem
487 3132 514 3161 a
546 3119 754 3163 Varrone
796 3121 1048 3163 tractatam
1081 3119 1323 3163 confirmat
1357 3121 1403 3163 et
1446 3119 1669 3176 Plinius),·
1713 3121 1769 3175 cf.
1807 3120 1908 3164 G-L.
1942 3121 2006 3164 II
2030 3124 2103 3173 90,
2122 3124 2161 3163 1.
2196 3122 2269 3173 92,
2288 3123 2341 3172 6,·

163 3179 285 3222 Don.
319 3179 370 3221 in
394 3178 520 3222 Eun.
544 3180 657 3234 prol.
685 3182 725 3221 4.
755 3180 865 3223 Hec.
890 3180 1010 3235 prol.
1037 3180 1101 3222 II
1119 3182 1159 3223 3.
1193 3179 1375 3223 Phorm.
1402 3181 1463 3223 ΙΙ
1491 3182 1532 3233 3,
1552 3182 1609 3223 15
1618 3197 1634 3233 ,·
1668 3180 1781 3224 [sid.
1811 3180 1894 3222 XI
1910 3182 2046 3233 2,25.
2080 3180 2180 3233 diff.
2208 3182 2293 3221 531
2328 3180 2342 3234 ΙΙ

164 3241 218 3280 21
251 3237 465 3281 Laetam.
499 3238 553 3280 de
595 3238 706 3294 opis.
741 3238 784 3281 d.
819 3241 860 3292 5,
885 3242 914 3282 6
956 3238 1022 3294 (in
1066 3252 1245 3282 summo
1276 3251 1383 3282 vero
1417 3239 1774 3282 constructionis
1808 3239 1907 3282 eius
1943 3273 1951 3282 .
1980 3273 1988 3281 .
2017 3273 2026 3282 .
2061 3244 2202 3294 caput
2235 3252 2339 3281 con—

162 3295 355 3351 locavit,
395 3296 443 3338 in
475 3310 565 3351 quo
598 3298 719 3340 esset
749 3297 958 3354 regimen
990 3297 1135 3341 totius
1170 3296 1422 3341 animantis
1455 3298 1711 3354 datumque
1743 3297 1815 3341 illi
1853 3298 1942 3342 hoc
1974 3312 2141 3341 nomen
2173 3299 2256 3350 est,
2290 3298 2344 3339 ut

163 3354 354 3410 quidem
385 3355 531 3399 Varro
565 3355 625 3399 ad
658 3355 923 3400 Ciceronem
965 3356 1148 3411 scribit,
1189 3356 1315 3412 quod
1341 3392 1349 3400 .
1378 3391 1387 3401 .
1417 3393 1424 3400 .
1458 3357 1603 3413 nervi)
1638 3379 1692 3393 =
1726 3358 1839 3401 Isid.
1875 3358 1959 3401 XI
1977 3362 2017 3410 1,
2033 3361 2094 3401 25
2129 3357 2206 3411 (cf.
2238 3356 2339 3410 diff.

161 3429 246 3459 rer.
280 3417 359 3469 50)
407 3416 420 3471 Η
475 3419 529 3457 22
563 3415 683 3460 Serv.
711 3416 835 3471 plen.
867 3418 919 3459 in
955 3416 1112 3474 Geory.
1150 3418 1184 3460 I
1211 3420 1268 3460 75
1315 3416 1546 3472 (nonnulli
1591 3416 1777 3472 proprie
1825 3416 2027 3460 calamos
2074 3415 2341 3471 lupinorum

164 3473 262 3517 alas
302 3473 397 3517 dici
439 3475 632 3530 putant,
674 3476 728 3518 ut
758 3473 918 3518 Aelius
946 3509 955 3519 .
983 3510 991 3518 .
1021 3510 1029 3518 .
1057 3475 1277 3534 (Varro)
1312 3476 1369 3519 de
1408 3475 1572 3531 lingua
1614 3475 1765 3519 latina
1797 3475 1922 3519 alam
1954 3474 2158 3519 culmum
2201 3474 2341 3516 fabae

162 3532 316 3592 dic<it
346 3533 414 3578 vel
445 3533 576 3591 (dic)i
608 3532 796 3592 docet>)

313 3686 335 3725 1
371 3681 704 3739 disiunguntur
727 3682 795 3727 vel
826 3680 1146 3739 adiunguntur
1177 3684 1190 3739 Η
1224 3687 1249 3726 5
1283 3682 1516 3725 disiuncta
1540 3683 1607 3726 vel
1638 3681 1863 3725 adiuncta
1894 3683 1907 3738 ΙΙ
1942 3686 1994 3725 12
2028 3680 2260 3725 contraria
2285 3693 2342 3724 ea

162 3741 231 3785 vel
261 3741 492 3785 contrarie
523 3743 537 3799 ΙΙ
571 3745 625 3785 13
657 3740 807 3797 possis
838 3742 907 3787 vel
937 3755 1097 3798 posses
1126 3743 1139 3799 ΙΙ
1178 3747 1231 3785 15
1263 3740 1525 3785 haurierint
1555 3741 1622 3785 vel
1652 3740 1927 3784 ham-ierunt
1965 3742 1978 3797 ΙΙ
2020 3744 2076 3783 20
2109 3740 2263 3784 senior
2294 3740 2342 3783 et

167 3799 323 3844 iunior
352 3800 419 3845 vel
450 3800 666 3845 iuuenior
697 3802 744 3844 et
776 3800 931 3844 senior
