2600 4198
815 382 963 450 1100
1010 381 1418 451 VOLVMINE
1465 381 2012 453 CONTINENTVR

310 514 542 562 Praefatio
579 550 2309 564 ..............................
2482 521 2528 567 V

305 574 641 630 Prolegomena
697 609 2308 624 ............................
2344 579 2526 626 VII—L

394 632 601 677 Historia.
630 633 856 677 librorum
889 632 947 677 de
978 632 1007 676 l.
1042 632 1059 676 l
1063 669 2312 683 ......................
2461 639 2526 684 IX

394 691 463 735 De
495 691 668 736 codicis
701 691 965 736 Casinensis
998 692 1206 748 epitoma
1232 729 2312 743 ...................
2463 697 2527 743 XI

394 751 463 795 De
496 751 654 795 codice
686 751 1002 795 Laurentiano
1034 752 1084 796 F
1114 788 2193 802 ...................
2234 755 2527 802 XIV—XXX

457 810 525 853 De
559 810 889 855 collationibus
930 847 2307 859 ........................
2420 815 2526 861 XIV

457 869 721 926 Descriptio
753 869 959 927 paginae
990 869 1010 912 Ι
1052 905 2307 919 ......................
2419 873 2527 919 XVI

456 928 523 973 De
554 929 873 985 distinctione,
906 929 1209 985 compendiis,
1242 930 1512 974 accentibus
1526 966 2309 981 ..............
2378 932 2527 979 XVIII

457 987 525 1031 De
558 988 831 1032 correcturis
865 989 912 1032 et
942 988 1234 1033 traiectionis
1267 989 1413 1047 signis
1470 1025 2131 1037 ............
2134 986 2146 1009 ⁶
2182 1028 2191 1036 .
2241 1028 2251 1037 .
2300 1028 2310 1037 .
2379 991 2527 1038 XVIII

453 1046 520 1091 De
552 1061 694 1091 manu
727 1048 931 1091 secunda
994 1083 2307 1095 .......................
2420 1050 2527 1096 XIX

452 1106 519 1150 De
552 1107 724 1150 codicis
757 1108 822 1163 (et
853 1106 1116 1163 archetypi)
1148 1107 1515 1152 conformatione
1527 1144 2307 1155 ..............
2436 1110 2522 1154 XX

455 1165 521 1209 De
552 1165 907 1209 traiectionibus
934 1201 2308 1214 ........................
2400 1169 2527 1214 XXII
2596 1223 2600 1226 ,

456 1224 524 1268 De
555 1225 737 1268 lacunis
749 1260 2308 1273 ...........................
2400 1228 2528 1274 XXII

452 1283 520 1327 De
552 1283 908 1341 haplographiis
941 1286 988 1327 et
1019 1284 1355 1341 dittographiis
1408 1321 2307 1331 ................
2377 1287 2527 1332 XXIV

453 1343 520 1386 De
552 1342 993 1399 interpolationibus
1051 1378 2309 1391 ......................
2378 1345 2530 1390 XXIV

452 1402 520 1445 De
551 1402 817 1446 litterarum
849 1402 1292 1447 commutationibus
1349 1439 2307 1450 .................
2399 1404 2527 1449 XXV

454 1461 522 1504 De
555 1461 891 1518 orthographia
923 1462 997 1518 (cf.
1030 1461 1137 1504 XIII
1169 1462 1293 1519 adn.)
1351 1498 2309 1510 .................
2358 1464 2528 1508 XXVII

394 1520 463 1564 De
496 1521 779 1578 apographis
810 1557 819 1565 .
871 1558 878 1564 .
990 1557 2310 1568 .......................
2399 1523 2527 1567 XXX

394 1580 461 1623 De
496 1580 781 1624 editionibus
816 1616 2310 1628 ..........................
2336 1582 2528 1627 XXXVI

391 1639 461 1684 De
493 1643 766 1696 argumento
798 1638 1025 1683 librorum
1057 1641 1114 1683 de
1146 1639 1175 1684 l.
1208 1640 1225 1683 l
1230 1676 1891 1686 ............
1894 1660 1895 1663 ’
1942 1678 2246 1687 ......
2295 1641 2529 1686 XXXVIII

397 1698 480 1742 Die
513 1698 820 1755 dispositione
850 1699 1076 1742 librorum
1108 1699 1296 1743 V—VII
1347 1735 2306 1746 .................
2338 1700 2528 1744 XXXIX

393 1757 461 1801 De
492 1758 701 1802 fontibus
732 1758 960 1802 librorum
990 1758 1178 1802 V—VII
1226 1794 2008 1805 ..............
2119 1797 2127 1805 .
2180 1797 2187 1805 .
2238 1796 2247 1805 .
2299 1798 2305 1805 .
2383 1759 2529 1805 XLIII

393 1817 461 1861 De
494 1818 801 1874 dispositione
834 1820 881 1862 et
912 1817 1119 1862 fontibus
1151 1817 1379 1862 librorum
1411 1818 1617 1862 VIII-X
1651 1855 2313 1864 ............
2383 1819 2527 1863 XLVI

302 1876 536 1921 Addenda
567 1879 615 1920 et
646 1877 921 1934 corrigenda
933 1912 2309 1924 ........................
2470 1879 2527 1922 LI
2589 1878 2591 1880 ’

304 1934 591 1992 Conspectus
624 1936 849 1993 siglorum
882 1937 1356 1993 compendiorumque
1409 1973 2310 1983 ................
2428 1937 2529 1981 LIII

303 1995 364 2038 M.
387 1995 576 2040 Terenti
600 1995 820 2039 Varronis
854 1996 911 2039 de
943 1996 1106 2053 lingua
1137 1996 1289 2040 latina
1318 1996 1430 2040 libri
1470 2032 2309 2042 ...............
2355 2001 2527 2041 1-198

394 2055 635 2098 Librorum
669 2055 838 2099 H—-IV
868 2055 929 2099 ad
959 2055 1009 2099 P.
1037 2055 1328 2112 Septumium
1360 2055 1625 2113 fragmenta
1648 2091 2369 2101 .............
2502 2059 2526 2099 3

393 2114 531 2158 Liber
562 2114 604 2157 V
636 2114 696 2158 ad
729 2114 996 2159 Ciceronem
1054 2149 2371 2160 .......................
2500 2121 2528 2159 4

394 2173 531 2217 Liber
561 2173 623 2217 VI
635 2209 2371 2220 ..............................
2472 2179 2526 2218 57

396 2232 534 2275 Liber
565 2232 650 2276 VII
692 2268 2370 2278 ............................
2472 2237 2526 2278 92

395 2292 533 2335 Liber
563 2291 669 2335 VIII
695 2327 2370 2337 .............................
2444 2296 2528 2337 125

482 2351 609 2395 Libri
642 2352 746 2394 VIII
777 2352 1042 2409 fragmenta
1056 2386 2371 2398 .......................
2445 2356 2527 2396 146

393 2410 532 2455 Liber
563 2410 688 2455 VIII]
701 2444 2370 2460 ..............................
2444 2415 2526 2455 147

396 2470 533 2514 Liber
563 2470 705 2514 Χ..
877 2505 2370 2516 ..........................
2443 2474 2527 2513 174

392 2529 634 2573 Librorum
665 2530 784 2572 XI—
790 2530 936 2573 XXIV
970 2530 1030 2572 ad
1062 2529 1329 2574 Ciceronem
1360 2529 1626 2587 fragmenta
1648 2564 2370 2575 .............
2444 2533 2527 2574 192

392 2588 599 2632 Incertae
633 2589 755 2632 sedis
786 2589 1050 2646 fragmenta
1081 2589 1354 2645 incertaque
1411 2623 2371 2635 .................
2444 2592 2526 2632 197

303 2647 365 2690 Μ.
392 2648 579 2691 Terenti
602 2648 823 2692 Varronis
854 2648 1140 2705 reliquorum
1172 2649 1229 2691 de
1261 2649 1570 2705 grammatica
1601 2648 1826 2693 librorum
1856 2648 2122 2705 fragmenta
2184 2683 2192 2692 .
2243 2683 2252 2693 .
2296 2652 2528 2692 199—234

394 2708 461 2751 De
495 2708 779 2764 antiquitate
811 2708 1075 2751 litterarum
1107 2709 1167 2751 ad
1199 2708 1248 2752 L.
1274 2708 1467 2752 Accium
1530 2743 2369 2753 ...............
2443 2710 2527 2751 199

396 2768 463 2811 De
497 2766 678 2824 origine
709 2767 901 2824 linguae
933 2767 1111 2811 latinae
1143 2768 1204 2811 ad
1237 2766 1322 2811 Gn.
1348 2767 1622 2824 Pompeium
1650 2802 2369 2811 .............
2441 2769 2527 2810 200

395 2827 511 2881 Περὶ
541 2826 846 2884 χαρακτήρων
880 2860 2370 2872 ..........................
2371 2876 2373 2879 .
2443 2829 2526 2869 201

396 2885 730 2938 Quaestionum
762 2886 1086 2930 Plautinarum
1117 2886 1228 2930 libri
1260 2887 1301 2931 V
1353 2919 2371 2931 ..................
2442 2888 2528 2928 202

394 2945 461 2988 De
494 2945 799 2989 similitudine
830 2945 1073 2990 verborum
1117 2978 2368 2990 ......................
2441 2946 2526 2987 202

396 3005 463 3048 De
494 3004 702 3048 utilitate
735 3005 959 3049 sermonis
993 3040 1358 3050 .......
1470 3041 1476 3047 .
1529 3041 1537 3048 .
1589 3040 1596 3047 .
1708 3037 2368 3048 ...........
2440 3006 2526 3046 202

394 3063 463 3108 De
495 3077 706 3108 sermone
738 3064 887 3109 latino
920 3064 981 3108 ad
1012 3063 1287 3108 Marcellum
1350 3097 2369 3109 .................
2441 3064 2526 3106 203

394 3122 460 3166 De
493 3123 801 3180 grammatica
813 3156 2368 3170 ...........................
2441 3124 2525 3164 227

394 3181 604 3226 Incertae
636 3182 758 3226 sedis
790 3182 1058 3240 fragmenta
1088 3181 1271 3238 reliqua
1294 3215 2370 3227 ...................
2441 3182 2528 3224 230

303 3239 535 3297 Excerpta
566 3255 622 3286 ex
653 3242 905 3299 Augustini
935 3241 1055 3286 libro
1088 3241 1146 3286 de
1179 3241 1430 3286 dialectica
1472 3274 2371 3286 ................
2441 3242 2528 3284 284

305 3299 691 3356 Fragmentorum
722 3300 1009 3345 collectionis
1040 3299 1443 3345 Wilmannsianae
1483 3300 1663 3345 numeri
1697 3299 1856 3345 collati
1897 3314 2002 3343 cum
2032 3297 2369 3343 Funaiolianae

571 3360 800 3416 huiusque
831 3359 1035 3404 numeris
1064 3392 2372 3404 .......................
2442 3359 2527 3400 242

303 3418 644 3463 Adnotationes
701 3455 710 3464 .
761 3455 768 3463 .
821 3456 828 3463 .
879 3456 886 3463 .
999 3452 2253 3464 ......................
2294 3418 2527 3461 243-301

303 3477 486 3521 Indices
522 3511 2251 3524 ..............................
2293 3477 2526 3520 soa-842

393 3536 537 3580 Index
569 3537 845 3593 scriptorum
877 3539 924 3582 et
954 3537 1162 3582 locorum
1172 3568 2371 3583 .....................
2441 3536 2532 3591 306,

391 3595 536 3640 Index
567 3595 808 3640 nominum
837 3611 991 3640 rerum
1022 3596 1353 3642 vocabulorum
1409 3627 2368 3640 .................
2439 3595 2528 3638 310

393 3654 538 3699 Index
567 3654 775 3700 locorum
808 3655 1161 3700 emendatorum
1191 3655 1266 3700 vel
1295 3655 1635 3700 illustratorum
1647 3687 2369 3699 .............
2441 3654 2527 3696 841
2586 3687 2600 3703 ,;
