2600 4198
239 158 349 211 288
1091 155 1565 201 ADNOTATIONES

393 299 513 358 165,
542 299 623 345 12.
667 297 739 356 Of.
779 296 940 345 Christ
971 292 1111 344 ‘Eos'
1144 296 1183 342 I
1197 311 1252 356 p.
1284 297 1394 344 288
1409 310 1508 357 sqq.

394 380 514 439 165,
535 380 708 438 13sqq.
730 379 996 426 Varronem
1022 378 1185 437 ipsum
1207 378 1455 439 cupressei
1482 380 1525 425 ct
1549 377 1658 426 ficei
1683 380 1934 439 scripsisse
1959 383 2082 429 recte
2100 382 2223 430 Muc
2249 386 2418 431 monet.

392 461 512 522 165,
539 461 621 506 23.
667 459 739 518 Cf.
778 458 940 507 Christ
969 457 1116 506 Arch.
1149 459 1221 505 II
1236 474 1290 518 p.
1319 460 1423 507 623
1441 473 1508 519 sq.

393 542 513 603 165,
540 542 622 590 27.
663 541 739 589 De
769 543 922 588 treses
954 541 1201 600 scriptura
1231 541 1291 600 cf.
1324 555 1447 600 quae
1477 541 1634 589 Marx
1665 542 1731 589 ad
1760 541 1946 591 Lucilii
1983 544 2139 592 locum
2169 544 2422 593 adnotavit

237 623 310 683 (p.
337 621 483 682 365).
534 621 629 669 Sed
653 623 706 669 F
732 625 842 669 ante
874 621 1062 669 confido
1095 625 1283 669 tantum
1313 622 1459 670 tresis
1489 622 1643 678 habet,
1672 624 1815 671 semel
1845 624 2029 681 tressis,
2060 628 2130 672 ter
2161 626 2366 674 alterum
2398 641 2420 674 s

245 718 341 751 non
373 718 529 763 supra
561 703 875 763 adscriptum.
907 703 991 751 sed
1014 718 1108 762 per
1139 703 1403 764 liqaturam
1434 717 1542 750 cum
1574 719 1599 751 e
1632 704 1947 752 coniunctum.

393 794 513 852 166,
533 794 579 839 2.
616 791 690 852 Of.
709 792 1027 840 Reitzenstein
1043 807 1095 851 p.
1119 792 1188 839 58
1203 793 1316 840 adn.
1336 794 1385 848 3,
1409 794 1492 852 qui
1515 792 1574 839 de
1597 792 1896 842 admittenda
1911 796 2094 842 maiore
2116 796 2297 844 lacuna
2311 800 2424 856 post

240 874 329 936 qui
355 889 438 922 aes
462 888 559 922 non
587 873 869 937 significant
894 875 1079 933 coqitat,
1102 874 1231 922 unde
1256 877 1297 921 et
1322 875 1559 935 quartum
1585 876 1627 922 et
1648 871 1683 936 ἕ
1709 876 1777 922 83
1801 875 2009 941 habeant
2031 890 2123 936 quo
2146 879 2421 937 respiciam.

395 957 515 1017 166,
544 957 589 1003 6.
628 954 738 1003 An:
769 971 868 1003 non
899 950 1094 1019 (opus)
1127 956 1240 1003 est?

393 1039 513 1098 166,
543 1038 624 1085 13.
666 1053 723 1085 ex
753 1038 852 1085 nisi
884 1052 939 1084 ex
963 1037 1288 1098 dittoqraphia
1320 1039 1423 1085 eius
1446 1038 1754 1097 pronominis
1776 1053 1870 1098 per
1894 1040 2226 1099 compendium
2257 1042 2423 1101 scripti

239 1122 402 1166 ortum
434 1122 513 1174 est,
548 1119 605 1167 de
635 1120 816 1167 lacuna
838 1121 1006 1179 potius
1038 1119 1266 1179 coqitabis
1299 1111 1588 1184 (partibus.9
1619 1119 1871 1168 vocabulis
1886 1114 1948 1187 ἓ).

394 1202 513 1260 166,
541 1202 607 1248 26
622 1214 688 1260 sq.
737 1199 1075 1260 triumvirum,
1105 1199 1450 1261 decemvirum,
1486 1215 1586 1247 non
1620 1201 2005 1262 triumvirorum,
2035 1202 2423 1251 decemvirorum

238 1282 364 1329 Mue
387 1282 603 1340 itemque,
627 1281 711 1329 sed
735 1281 835 1328 add
860 1282 1222 1328 centumvirum
1247 1285 1356 1328 ante
1378 1279 1677 1341 nonA.Sp.,·
1699 1283 1854 1329 trium
1871 1281 2049 1343 virum,
2067 1283 2234 1331 decem
2249 1286 2427 1345 virum,

244 1363 441 1410 centum
473 1364 653 1423 virum,
686 1379 785 1410 non
816 1362 1037 1410 virorum
1070 1362 1390 1410 Reitzenstein
1411 1378 1464 1422 p.
1501 1362 1570 1410 59
1602 1378 1711 1410 cum
1740 1361 1822 1423 Sp.
1864 1363 1985 1423 (nisi
2015 1365 2141 1424 quod
2171 1366 2214 1412 is
2246 1380 2427 1426 quoque

238 1446 490 1492 coniunxit
519 1445 839 1492 triumvirum
871 1443 990 1503 etc).
1035 1443 1108 1504 Cf.
1134 1445 1409 1491 Mommsen
1434 1440 1676 1492 ‘Staatsrf
1703 1445 1774 1491 II
1802 1438 1856 1492 13
1878 1461 1931 1505 p.
1962 1446 2067 1493 599
2099 1449 2142 1494 et
2176 1448 2280 1494 606
2313 1447 2427 1495 adn.

396 1535 513 1594 167,
544 1534 623 1579 12.
665 1533 728 1579 ad
759 1533 851 1581 hoc
876 1531 938 1580 A.
957 1532 1038 1592 Sp.
1069 1532 1230 1589 edidit,
1252 1547 1347 1591 per
1371 1546 1581 1580 errorem
1603 1537 1658 1581 ut
1680 1535 1798 1590 vid„
1830 1548 2125 1594 quamquam
2154 1536 2210 1583 in
2233 1536 2427 1596 quibus-

239 1615 359 1662 dam
391 1615 684 1675 apographis
714 1616 785 1662 ita
818 1617 896 1662 est.
934 1641 997 1647 —
1035 1615 1202 1662 actum
1234 1614 1502 1663 adicientes
1533 1615 1762 1676 minores,
1793 1616 1825 1662 i.
1851 1633 1895 1665 v.
1928 1631 2024 1664 non
2059 1632 2186 1678 quae
2218 1618 2425 1678 ratione,

242 1696 331 1745 sed
367 1695 538 1744 Canai.

397 1780 517 1838 167,
548 1779 630 1825 17.
674 1777 747 1838 Of.
773 1778 1095 1826 Reitzenstein
1118 1794 1171 1838 p.
1203 1778 1269 1825 59
1303 1778 1416 1826 adn.

404 1860 524 1920 168,
554 1862 579 1906 1
593 1874 661 1920 sq.
701 1859 771 1906 Et
785 1859 854 1906 M
850 1859 1021 1907 einekii
1045 1861 1366 1908 coniecturam
1378 1859 1594 1908 Actaeus
1614 1862 1662 1907 et
1678 1859 1900 1908 Actaeon
1918 1856 2431 1927 etMuclleri(Ge1-yo-

246 1935 464 2008 n<e>us)
496 1943 731 2002 refutavit
759 1942 1038 1990 Fleckeisen
1067 1939 1252 1989 Annal.
1290 1941 1473 1990 CXXI
1499 1941 1567 2002 (a.
1605 1941 1770 2002 1880)
1796 1958 1848 2002 p.
1886 1944 1991 1989 606
2023 1943 2137 1990 adn.

398 2024 519 2084 168,
546 2025 591 2071 3.
631 2024 709 2071 De
741 2023 999 2085 analogias
1033 2024 1270 2084 coqitabat
1298 2023 1405 2083 Sp..·
1438 2027 1489 2071 at
1519 2024 1588 2071 eis
1620 2025 1831 2082 refertur
1863 2025 1929 2071 ad
1961 2038 2116 2071 casus.

397 2106 517 2166 168,
547 2106 628 2152 18.
680 2121 738 2152 ex
779 2106 1068 2167 procreante
1110 2107 1282 2152 natwm
1314 2119 1412 2153 esse
1445 2119 1499 2152 ex
1529 2105 1776 2166 procreati
1815 2105 1947 2153 credi
1976 2107 2059 2153 vix
2091 2107 2249 2165 potest
2278 2120 2428 2166 neque

239 2188 347 2235 veri
388 2187 644 2235 similiores
675 2190 790 2234 sunt
820 2187 1117 2234 coniecturae
1148 2190 1354 2245 ceterac;
1395 2189 1439 2234 si
1469 2187 1721 2247 necaveris
1754 2201 1809 2234 ex
1846 2187 2128 2247 qlossemate
2157 2188 2427 2247 repetenda,

238 2269 370 2330 quod
400 2269 539 2316 nobis
567 2268 770 2323 videtur,
805 2269 912 2316 vide
943 2283 1010 2315 an
1040 2269 1250 2316 scribas:
1280 2268 1322 2316 si
1353 2269 1555 2316 natione
1589 2270 1638 2316 et
1667 2270 1932 2330 procreatu
1964 2268 2007 2316 d.

398 2358 518 2418 168⁷
546 2359 628 2405 22.
668 2358 745 2405 De
771 2359 879 2419 quis
904 2362 1018 2418 post
1071 2357 1088 2403 i
1122 2357 1361 2405 reiciendo
1398 2358 1571 2417 coqitat
1592 2356 1674 2417 Sp.
1707 2356 1812 2417 (cicc
1835 2359 2012 2406 rectius
2036 2357 2078 2406 si
2104 2358 2214 2419 quis
2241 2359 2427 2418 efficias

243 2453 302 2488 ex
334 2439 559 2501 sequitur
591 2439 918 2501 dittoyrapleia
949 2440 1095 2488 deleto
1129 2440 1171 2487 si
1202 2466 1276 2471 —
1309 2438 1421 2501 quis
1453 2443 1700 2500 tamquam
1732 2438 2043 2499 correctura).

397 2522 517 2582 168,
545 2523 627 2570 25.
670 2521 857 2569 assumi
888 2521 987 2568 scil.
1021 2536 1119 2569 non
1152 2520 1245 2568 erit
1286 2523 1531 2568 remotum
1566 2520 1750 2569 Canai:
1792 2522 1918 2581 quod
1948 2523 1993 2569 si
2025 2521 2315 2581 probaveris
2347 2536 2429 2574 ne.-

241 2604 453 2651 vcessario
494 2606 536 2649 ct
572 2605 630 2650 ut
666 2604 720 2650 in
759 2603 836 2650 his
871 2641 879 2649 .
915 2640 925 2650 .
960 2641 970 2650 .
1003 2602 1161 2665 possit
1191 2616 1286 2662 pro
1317 2603 1599 2662 parenthesi
1635 2603 1908 2651 habendum
1942 2604 1984 2650 et
2014 2604 2144 2649 enim
2175 2617 2284 2651 cum
2314 2604 2429 2651 aliis

243 2679 418 2750 (nimis
441 2683 504 2731 A.
522 2677 627 2750 Sp.)
659 2685 949 2732 mutandum
983 2686 1081 2732 crit.
1584 2668 1598 2676 ’

398 2776 519 2835 169,
545 2775 590 2820 4.
640 2773 806 2834 Neque
838 2773 1111 2822 delibatum
1143 2772 1311 2834 (Mue)
1343 2788 1495 2834 neque
1525 2772 1835 2822 declaratum
1866 2772 1994 2834 (Sp.)
2025 2786 2177 2833 neque
2207 2773 2428 2835 disputa-

244 2856 355 2902 tum
387 2852 471 2915 (A.
489 2854 594 2915 Sp.)
619 2856 925 2916 probabilia:
955 2856 1085 2903 unde
1116 2855 1217 2903 coll.
1253 2855 1367 2903 VII
1395 2857 1501 2902 106
1533 2855 1645 2903 ausi
1674 2869 1843 2902 sumus
1875 2856 2083 2916 coqitare
2113 2855 2172 2902 de
2203 2854 2425 2916 deliqua-

241 2938 356 2984 tum
378 2940 582 2996 propter
612 2938 759 2985 verba
791 2936 853 2984 ab
884 2937 961 2985 his
993 2937 1230 2984 fontibus.
1269 2937 1393 2984 Mox
1418 2935 1481 2984 ad
1506 2936 1673 2983 omnia
1699 2951 1824 2997 quae
1857 2936 1901 2983 d.
1929 2937 2100 2984 contra
2130 2935 2427 2997 responden·

240 3018 364 3065 dum
395 3020 493 3066 trai
515 3016 577 3065 A.
595 3018 694 3079 Sp„
726 3020 808 3079 qui
841 3018 1004 3066 debuit
1033 3019 1203 3066 saltem
1234 3017 1297 3064 ad
1331 3018 1496 3065 omnia
1530 3033 1656 3078 quae
1690 3016 1733 3063 d.
1769 3019 1941 3065 contra
1971 3013 2129 3081 <quid
2163 3012 2263 3079 sit>
2295 3033 2332 3063 r.

400 3109 521 3168 169,
543 3110 624 3155 12.
665 3123 722 3154 ex
739 3107 982 3156 divisione
1001 3130 1056 3143 =
1075 3124 1132 3154 ex
1156 3107 1327 3154 eadem
1345 3106 1610 3154 divisione:
1627 3108 1683 3166 cf.
1707 3105 1757 3154 G.
1775 3106 1836 3153 F.
1861 3107 1934 3155 W.
1954 3106 2166 3154 Mueller
2180 3102 2426 3154 ‘Zeitsclm

243 3190 283 3250 f.
316 3188 360 3236 d.
398 3183 476 3236 G.’
514 3189 651 3236 XIX
670 3204 723 3248 p.
758 3190 865 3237 423
900 3182 965 3254 (v.
998 3189 1087 3236 IX
1118 3190 1225 3236 108
1254 3189 1307 3235 111
1338 3180 1572 3253 tempus).

400 3271 522 3331 169,
549 3272 630 3318 13.
682 3287 771 3333 per
811 3272 1039 3332 tempora
1080 3265 1362 3334 t<e>r<n>a
1395 3269 1507 3317 duci
1548 3271 1714 3331 potest
1749 3270 1815 3317 H.
1833 3269 2047 3317 Schmidt
2081 3265 2264 3317 ‘Doctr.
2288 3273 2426 3330 temp.

242 3351 382 3400 verbi
415 3351 502 3400 Gr.
535 3354 579 3400 ct
607 3347 688 3401 L?
726 3367 780 3412 p.
818 3352 885 3400 15
930 3351 997 3412 (et
1038 3355 1182 3400 antea
1214 3367 1272 3399 ex
1305 3365 1401 3411 pro
1434 3353 1484 3398 et
1515 3366 1595 3407 ex,
1625 3351 1709 3398 ubi
1740 3352 1790 3398 et
1819 3349 1996 3412 vulq.).·
2038 3352 2098 3411 cf.
2129 3350 2192 3398 R.
2215 3350 2431 3400 Schmidt

236 3448 294 3493 p.
333 3434 402 3480 68
434 3436 477 3481 et
505 3432 741 3482 Steinthal
771 3426 833 3480 Ι2
855 3449 908 3493 p.
941 3435 1065 3481 311.
1098 3435 1221 3481 316.

403 3524 524 3583 169,
551 3524 618 3571 23
637 3538 703 3584 sq.
744 3522 964 3585 percussi
994 3537 1279 3585 percussero
1303 3536 1642 3584 percusseram
1667 3514 1784 3587 (pro
1816 3518 2036 3583 percussi
2067 3521 2290 3583 percutio
2321 3535 2430 3584 per-

244 3597 458 3671 cutiam)
489 3605 614 3653 Mue
642 3607 867 3665 itemque,
899 3605 983 3653 sed
1025 3606 1219 3653 traiecto
1250 3617 1587 3666 percusseram
1616 3602 1836 3665 percussi
1866 3617 2151 3664 percussero
2185 3595 2253 3669 (ct
2282 3603 2428 3650 antea

243 3685 488 3733 feriebam
528 3685 653 3734 ferio
696 3679 914 3752 feriam),
957 3685 1040 3747 Sp.
1085 3712 1154 3719 —
1197 3685 1504 3733 Testimoniis
1545 3683 1672 3732 addc
1717 3682 1825 3732 GL.
1867 3683 1907 3730 I
1936 3685 2063 3741 261,
2088 3685 2174 3732 34.
2217 3684 2343 3739 380,
2369 3684 2430 3742 9,·

244 3765 323 3813 ΙΙ
346 3767 470 3823 419,
496 3768 557 3826 3,·
589 3767 635 3815 V
661 3769 785 3824 382,
811 3769 895 3816 31.
932 3769 1054 3823 436,
1075 3768 1158 3816 18.
1195 3767 1315 3823 654,
1344 3765 1428 3821 15,
1453 3765 1516 3813 al.
