2600 4198
995 148 1410 194 PROLEGOMEN
1413 149 1453 192 A
2098 155 2312 199 XXXVII

137 286 228 341 sed
278 286 417 339 hanc
467 302 681 354 quoque
728 283 1005 355 vulgatam
1043 284 1149 336 fide
1187 285 1407 337 minime
1448 286 1666 357 dignam
1704 305 2028 358 propagasse
2068 292 2314 359 apparuit

136 376 230 429 ubi
266 393 468 428 novam»
496 373 788 426 editionem
821 373 1158 442 ‘principem'
1193 392 1236 425 a.
1261 372 1684 427 MDCCCXXVI
1707 375 2015 429 Leonardus
2042 376 2316 448 Spengel

137 482 202 517 ex
228 463 375 516 Petri
399 461 631 516 Victorii
659 463 946 515 collatione
972 462 1216 530 quamvis
1241 463 1383 514 mala
1406 481 1699 531 mancaque
1723 464 2068 517 Laurentiani
2094 466 2316 536 aliisque

136 552 410 606 codicibus
435 551 614 604 emisit
639 550 974 619 subscriptiS,
1006 569 1116 603 non
1138 551 1382 620 receptiS‚
1415 555 1467 603 et
1492 552 1717 604 aliorum
1749 557 1801 606 et
1826 554 1935 606 suis
1962 555 2315 622 opinionibus,

136 641 252 704 Quo
293 641 440 694 nisus
467 640 678 708 aliaque
703 639 944 691 subsidia
976 640 1271 709 adiungens
1303 659 1498 693 novam
1530 659 1637 692 uno
1671 659 1809 693 anno
1841 641 2317 696 MDCCOXXXIII

136 734 188 783 et
227 730 458 784 confecit
510 731 564 781 et
615 728 782 781 edidit
823 727 1048 780 Carolus
1088 727 1448 781 Odofredus
1488 728 1758 782 Mueller
1798 735 2038 784 ornatam
2079 733 2319 784 emenda-

134 819 374 873 tionibus
414 821 467 871 et
506 817 805 870 annotavit:
847 836 1007 886 quam
1053 816 1398 889 editioneml)
1437 819 1740 886 nuperrime
1773 820 1829 871 in
1866 820 2006 872 libro
2048 822 2317 873 studiosae

136 909 368 961 maxime
407 907 702 960 iuventutis
741 907 797 959 in
837 925 993 959 usum
1036 908 1339 975 conscripto
1367 906 1653 959 Eduardus
1677 906 1897 959 Norden
1941 909 2106 961 edixit
2138 911 2318 979 magni

135 997 397 1050 momenti
451 1014 566 1049 esse
618 995 684 1047 ad
740 994 1077 1063 splendidum
1118 995 1365 1047 Muelleri
1416 996 1693 1066 ingenium
1733 999 1874 1049 recte
1915 998 2318 1066 aestimandum,

137 1086 228 1139 sed
268 1083 541 1152 ceteroqui
580 1084 740 1136 hodie
773 1084 1018 1136 inutilem
1053 1083 1245 1154 videri3
1286 1085 1429 1152 quod
1461 1085 1696 1137 severius
1731 1103 1890 1153 quam
1921 1087 2098 1138 verius
2132 1087 2318 1139 edixit:

134 1194 259 1227 nam
320 1177 530 1243 praeter
585 1173 982 1225 emendationes
1039 1173 1305 1241 speciosas
1362 1176 1455 1224 aut
1508 1174 1773 1242 palmares
1830 1174 2028 1226 dudum
2083 1180 2319 1244 receptas

135 1264 279 1316 haud
328 1281 499 1331 pauca
550 1264 605 1315 in
657 1261 1096 1314 adnotationibus
1147 1261 1343 1330 inesse,
1399 1280 1531 1329 quae
1584 1264 1745 1314 etiam
1800 1281 1943 1316 nunc
1983 1282 2100 1315 cum
2142 1265 2321 1317 fructu

135 1353 384 1423 legantur
445 1354 606 1420 atque
670 1352 1050 1418 adhibeantur,
1123 1350 1336 1419 saepius
1401 1351 1837 1421 significavimus.
1949 1352 2104 1404 Vnde
2159 1354 2319 1406 etiam

140 1441 414 1511 Spengelii
480 1440 832 1508 Muellerique
898 1440 1146 1492 Manibus
1214 1443 1487 1508 tamquam
1557 1441 1939 1509 sospitatorum
1998 1441 2319 1495 Varroniani

138 1531 324 1599 scripti
364 1533 606 1583 nostram
647 1532 876 1598 opellam
918 1528 1291 1581 dedicavimus
1355 1528 1487 1581 Post
1529 1547 1662 1596 quos
1705 1529 1906 1598 optime
1947 1529 2010 1580 de
2050 1531 2133 1582 his
2166 1531 2319 1582 libris

137 1621 360 1672 meritus
401 1623 482 1671 est
506 1619 697 1671 Petrus
733 1617 860 1670 Can
873 1619 931 1670 al
962 1617 1151 1683 Italus,
1187 1619 1279 1685 qui
1310 1618 1433 1669 inde
1466 1617 1532 1669 ab
1566 1636 1704 1668 anno
1729 1616 2148 1670 MDCCCXLVI
2181 1620 2320 1687 apud

135 1709 508 1762 Antonellium
548 1708 815 1760 Venetum
857 1708 914 1758 in
952 1706 1281 1759 bibliotheca
1329 1707 1652 1774 scriptorum
1699 1707 1991 1759 latinorum
2032 1707 2319 1760 editionem

137 1816 255 1851 cum
296 1798 540 1850 versione
581 1796 1127 1864 adnotationibusque
1168 1795 1375 1847 curavit
1414 1796 1701 1863 repetitam
1748 1815 1790 1848 a.
1825 1795 2317 1848 MDCCGLXXIV:

139 1906 273 1956 quae
314 1886 573 1939 editiones
615 1885 757 1954 apud
798 1887 1006 1937 exteros
1049 1885 1179 1937 adeo
1221 1886 1438 1954 ignotae
1479 1885 1738 1950 iacebant,
1778 1889 1840 1936 ut
1878 1886 1978 1937 viri
2020 1885 2162 1937 docti
2201 1903 2320 1953 pro-

136 1995 304 2045 nepos
337 1975 505 2028 Iulius
531 1973 848 2027 Antonibon
888 1977 1010 2025 ante
1048 1973 1148 2025 hos
1191 1973 1370 2026 decem
1412 1992 1579 2025 annos
1620 1974 1676 2025 in
1714 1974 1854 2026 libro
1893 1978 2048 2026 antea
2081 1974 2319 2026 adhibito

139 2065 530 2118 demonstraret
576 2082 835 2133 proavum
883 2063 1026 2115 haud
1065 2081 1260 2131 paucas
1314 2063 1710 2115 emendationes
1752 2082 1869 2116 cum
1918 2082 1948 2114 a
1987 2061 2319 2133 Leonard02)

137 2157 254 2207 tum
294 2155 359 2206 ab
401 2153 616 2206 Andrea
658 2152 893 2222 Spengel
940 2152 1156 2204 interim
1203 2154 1440 2220 prolatas
1482 2152 1678 2204 dudum
1721 2170 2150 2220 praeoccupasse.
2228 2150 2320 2202 At-

139 2263 240 2313 que
281 2247 494 2313 praeter
533 2242 931 2295 emendationes
973 2242 1132 2294 etiam
1169 2242 1583 2293 commentarius
1625 2240 1836 2293 Canalis
1877 2242 2088 2309 saepius
2130 2241 2319 2310 dignus

139 2337 219 2386 est
259 2335 351 2401 qui
391 2335 760 2404 cognoscatur.
823 2330 1069 2399 Denique
1100 2331 1281 2400 priora
1312 2332 1661 2399 priorumque
1694 2331 1868 2382 studia
1902 2334 1955 2381 et
1986 2329 2320 2397 complexum

139 2440 253 2474 esse
317 2426 368 2474 et
429 2421 760 2490 promovisse
815 2420 1152 2472 Leonardum
1208 2419 1487 2489 Spengel
1545 2419 1602 2471 in
1657 2420 1888 2472 editione
1952 2421 2200 2487 postuma
2255 2418 2319 2469 ab

140 2511 354 2564 Andrea
414 2510 528 2563 filio
584 2513 637 2562 et
692 2512 874 2561 curata
928 2512 980 2560 et
1043 2506 1251 2579 aucta3)
1307 2528 1349 2561 a.
1398 2506 1892 2560 MDCCCLXXXV
1947 2508 2087 2575 apud
2141 2506 2320 2558 Weid-

138 2618 364 2653 mannos
421 2600 525 2651 iam
583 2616 735 2667 saepe
791 2598 1083 2667 attigimus,
1169 2597 1324 2649 Vnde
1380 2598 1553 2649 denuo
1608 2599 1988 2649 nonnullorum
2042 2596 2321 2647 hominum

140 2690 421 2742 doctorum
462 2688 627 2740 animi
666 2688 721 2739 in
753 2686 1049 2739 Varronem
1092 2687 1331 2739 conversi
1375 2690 1513 2750 sunt,
1555 2704 1782 2754 quorum
1825 2685 2112 2736 sententias
2146 2684 2321 2751 quoad

139 2779 255 2831 fieri
292 2778 472 2846 potuit
511 2777 841 2846 respeximus
883 2776 1215 2846 singulisque
1254 2775 1387 2828 locis
1428 2775 1765 2827 inseruimus,

290 2866 436 2930 Quae
482 2885 608 2919 vero
655 2866 817 2919 latius
867 2868 1055 2933 patent
1096 2865 1432 2933 quaestiones
1474 2864 1536 2915 de
1577 2864 1771 2915 horum
1812 2862 2075 2914 librorum
2115 2862 2321 2913 ratione

141 2957 494 3026 dispositione
546 2955 788 3009 fontibus
842 2956 1025 3024 paucis
1078 2955 1237 3006 etiam
1288 2954 1392 3006 hoo
1447 2953 1566 3005 loco
1624 2951 2024 3021 pertractandae
2081 2967 2195 3002 esse
2248 2950 2322 3001 vi-

142 3047 347 3099 dentur.

292 3239 334 3293 1)
366 3235 594 3279 Aemilius
626 3235 782 3293 Egger
814 3248 854 3278 a.
873 3233 1288 3278 MDCCCXXXVII
1318 3231 1511 3275 Parisiis
1543 3232 1665 3274 hanc
1698 3229 1951 3275 editionem
1983 3227 2323 3283 redintegravit

142 3311 326 3355 omissis
359 3310 758 3364 adnotationibus,
793 3308 991 3353 adiectis
1016 3307 1221 3351 Fabricii
1258 3306 1592 3363 Spengeliique
1625 3301 2114 3348 commentationibus:
2150 3302 2206 3344 de
2238 3314 2320 3343 suo

140 3385 261 3430 nihil
292 3384 491 3429 addidit,

292 3460 336 3515 2)
369 3457 439 3501 De
471 3457 559 3502 hoc
591 3457 828 3501 interdum
860 3456 1048 3511 erravit,
1081 3455 1193 3512 quia
1227 3454 1543 3510 antiquiorem
1576 3453 1674 3496 eius
1708 3465 1897 3507 operam
1928 3449 2146 3506 neglexit.

293 3534 335 3590 3)
369 3532 603 3576 Praelusit
643 3531 841 3576 editioni
879 3531 928 3574 in
969 3529 1362 3575 commentatione
1402 3542 1544 3583 quam
1586 3540 1727 3583 supra
1765 3542 1808 3582 p.
1848 3524 1953 3567 XIX
1992 3534 2317 3567 commemora-

139 3620 304 3650 vimus.
