2600 4198
251 149 362 202 248
1111 147 1585 194 ADNOTATIONES

253 303 352 338 6336
373 289 601 349 nulloque
622 288 762 337 modo
787 303 895 336 cum
910 288 1182 349 Spenyeliis
1205 289 1396 337 admitti
1410 302 1557 349 posse
1578 289 1837 339 teriminus
1859 291 1934 339 vel
1958 291 2052 339 tale
2075 292 2194 351 quid
2216 293 2271 340 in
2287 291 2436 341 Latio

252 371 447 427 dictum,
480 372 592 430 ipsa
626 384 703 418 res
736 372 907 418 monet.
942 396 1011 402 ——
1046 371 1130 417 via
1161 365 1448 433 (primum)
1480 369 1675 432 quidem
1707 371 1869 432 Lillye
1899 372 1959 420 de
1989 372 2098 433 eley.
2130 374 2185 421 in
2215 373 2434 422 Maeeen.

250 454 366 499 sent.
399 453 605 499 controv.
636 452 817 498 iterum
847 451 975 498 male
1008 454 1224 499 servato:
1263 466 1383 499 nam
1411 453 1534 499 item
1565 452 1640 500 vel
1668 454 1739 501 sic
1769 454 2048 513 requiritur.
2100 455 2183 502 via
2215 455 2284 502 sic
2315 455 2435 502 item

255 531 547 591 Grossmann
570 533 628 580 de
641 535 774 592 part.
800 533 992 592 quidem
1010 547 1063 592 p.
1086 535 1169 579 14.
1214 531 1433 580 Ceterum
1457 533 1516 592 cf.
1534 533 1856 594 HDeyeriny
1874 530 2027 583 ‘Berl
2038 535 2159 596 phil.
2180 531 2274 583 W.’
2294 537 2434 583 1907

242 628 296 673 p.
333 614 475 660 1564
491 627 559 674 sq.

403 703 450 762 9,
471 703 538 750 10
551 716 619 762 sq.
660 701 722 749 ab
748 716 804 749 eo
828 696 942 765 (si)
968 703 1055 763 qui
1081 702 1331 750 Romanus
1357 702 1637 751 combustus
1663 706 1713 752 et
1735 705 1786 750 in
1812 705 2090 767 sepulcrum
2116 705 2219 754 eius
2245 705 2437 754 abiecta

255 784 399 848 gleba
430 800 529 832 non
562 785 637 831 est
659 783 843 831 Wi.—
861 800 1009 845 quom
1040 786 1264 831 mortuos
1287 798 1383 843 pro
1416 784 1503 846 qui
1534 784 1787 834 Romanus
1810 786 1993 835 Vahlen
2020 786 2191 847 Opusc.
2216 787 2286 834 II
2307 789 2438 836 418.-

253 870 303 914 at
327 868 386 926 ef.
406 866 537 927 apud
560 865 809 914 Romanos
834 866 969 925 apud
984 866 1206 913 Plinium
1222 866 1287 913 N.
1305 866 1372 913 H.
1401 866 1512 914 VII
1529 856 1564 927 ᾖ·
1591 868 1698 914 187
1721 866 1787 926 (v.
1812 867 1980 915 Rohde
2002 868 2183 929 Psyche
2206 869 2244 915 Ι
2262 870 2350 925 28,
2366 868 2434 929 1).

403 958 449 1016 9,
479 956 560 1002 14.
603 954 767 1016 quoad
798 954 1089 1003 inhumatus
1123 955 1190 1002 sit
1221 970 1330 1002 cum
1361 956 1477 1003 aliis
1508 957 1652 1004 etiam
1676 956 1791 1003 Keil
1820 957 1875 1003 in
1906 971 1946 1003 r.
1970 972 2011 1003 r.
2044 957 2084 1003 I
2112 961 2157 1012 1,
2177 958 2211 1004 3
2233 971 2287 1016 p.
2317 959 2361 1004 6.

402 1038 450 1096 9,
478 1038 560 1084 16.
600 1037 668 1084 In
683 1037 840 1084 verbis
856 1036 1035 1098 humor
1055 1036 1183 1084 hinc.
1223 1038 1394 1098 itaque
1411 1037 1522 1085 ideo
1538 1038 1640 1085 noli
1654 1037 1875 1085 haerere:
1891 1039 1951 1097 cf.
1962 1038 2335 1099 Krumbieyelp.
2353 1041 2436 1087 60.

404 1121 449 1179 9,
479 1120 559 1166 19.
602 1113 851 1181 quamvis]
886 1118 1085 1179 quaeris
1122 1118 1230 1175 W23,·
1262 1120 1321 1178 cf.
1347 1118 1511 1167 Reiter
1533 1135 1587 1178 16.
1616 1121 1736 1166 119.

403 1210 449 1269 9,
478 1209 541 1255 21
564 1222 631 1266 sq.
671 1210 728 1254 ut
759 1201 1008 1269 (putant)
1040 1206 1238 1254 Puteoli
1273 1207 1356 1255 Wi
1386 1222 1494 1254 cum
1523 1207 1606 1267 Sp.

404 1291 486 1349 10,
515 1292 559 1336 1.
600 1289 677 1336 De
707 1289 946 1335 incircum
979 1289 1038 1347 cf.
1066 1291 1264 1346 praeter
1293 1289 1554 1336 Handium
1585 1289 1750 1337 Reiter
1772 1305 1824 1349 p.
1855 1291 1922 1336 69
1956 1291 2093 1346 acln„
2126 1291 2438 1352 Krumbieyel

242 1387 295 1431 p.
328 1372 414 1425 24,
446 1370 649 1418 Skutsch
681 1371 816 1418 Mus.
842 1370 995 1417 Rhen.
1022 1369 1166 1416 LXI
1181 1385 1234 1429 p.
1265 1371 1368 1416 613
1400 1370 1514 1418 adn.
1540 1372 1588 1418 2.

403 1454 486 1512 10,
513 1452 558 1498 6.
611 1451 727 1499 Noli
759 1452 817 1499 cle
860 1451 1115 1512 cupilucos
1148 1453 1356 1510 coyitare
1400 1466 1508 1499 cum
1538 1451 1793 1499 Ribbeckio
1834 1455 1920 1499 aut
1951 1453 2008 1500 de
2051 1452 2298 1516 luciputos
2330 1467 2437 1501 cum

252 1534 427 1581 Ellisio
441 1532 692 1582 Hermath.
709 1533 798 1580 XI
799 1549 851 1593 p.
869 1533 1002 1580 354:
1025 1534 1170 1580 immo
1193 1547 1367 1581 nomen
1392 1535 1563 1581 comice
1587 1533 1822 1580 detortum
1846 1547 1902 1580 ex
1926 1532 2176 1594 puticulis,
2220 1533 2437 1582 Ceterum

250 1615 492 1664 Afranius
523 1617 576 1662 in
608 1616 802 1678 Togata
836 1611 919 1678 (cf.
946 1615 1072 1662 Hor.
1105 1618 1194 1662 sat.
1227 1615 1266 1660 I
1290 1616 1340 1671 2,
1369 1616 1450 1662 63.
1486 1608 1580 1677 82)
1612 1614 1917 1662 scribendum
1950 1628 2048 1662 esse
2080 1618 2123 1662 et
2151 1615 2235 1662 hoc
2265 1615 2364 1662 loco
2396 1618 2439 1663 et

253 1698 386 1757 apud
421 1696 634 1745 Gellium
668 1697 773 1744 XX
806 1699 851 1753 6,
881 1698 911 1744 5
943 1690 1051 1762 (ubi-
1084 1699 1234 1744 eoestat
1265 1698 1391 1744 inter
1422 1695 1681 1744 Terentius
1713 1697 1764 1743 in
1798 1695 2092 1744 Phormione
2127 1699 2169 1744 et
2198 1696 2436 1744 Laberius

249 1780 301 1825 in
333 1773 720 1843 Necyomantia)
745 1781 859 1838 post
881 1779 1155 1827 Funccium
1186 1780 1373 1825 monuit
1401 1778 1582 1839 Teuffel
1614 1773 1692 1841 (in
1714 1781 2080 1839 proqrammate
2104 1778 2162 1826 de
2177 1774 2435 1838 Afranio),

250 1861 376 1921 quod
405 1862 533 1921 fuqit
564 1865 606 1908 et
629 1861 943 1909 Ribbeckium
975 1864 1018 1908 et
1048 1861 1185 1908 alios.
1236 1861 1355 1908 Vide
1387 1861 1530 1908 etiam
1551 1875 1605 1919 16.
1643 1861 1725 1914 65,
1755 1863 1786 1906 4
1819 1855 1929 1923 (ubi
1954 1860 2148 1922 Togata
2179 1862 2436 1922 praetexta

242 1956 337 2002 pro
369 1944 403 1989 t.
438 1960 484 2004 p.
508 1942 896 2003 proposuimus).

403 2033 485 2092 10,
514 2035 596 2080 16.
660 2031 775 2079 Non
815 2033 920 2078 sine
958 2032 1199 2090 voluptate
1249 2030 1487 2079 Varronis
1531 2031 1731 2078 editores
1781 2031 1998 2090 leyerunt
2048 2032 2288 2091 leyentque
2330 2032 2435 2087 alii,

250 2114 376 2172 quod
412 2113 599 2175 Osthoff
622 2114 818 2172 scripsit
846 2114 900 2160 in
932 2127 1138 2160 censura
1170 2113 1282 2160 libri
1314 2113 1489 2172 eyreyii
1520 2127 1658 2171 quem
1693 2111 1824 2159 Guil.
1856 2111 2054 2160 Schulze
2086 2114 2348 2172 composuit
2378 2113 2436 2160 de

250 2196 527 2243 nominibus
565 2196 786 2255 propriis
825 2195 992 2243 latinis
1034 2190 1168 2242 ‘Litt
1215 2190 1546 2242 Oentralblatt'
1590 2209 1634 2241 a.
1671 2195 1815 2242 1905
1846 2210 1898 2254 p.
1943 2195 2067 2242 827:
2106 2194 2229 2254 „Mit
2277 2195 2435 2241 einem

251 2293 332 2325 am
373 2278 446 2325 als
486 2277 573 2325 der
605 2272 801 2340 amb(i),
841 2277 981 2324 ambo
1014 2293 1085 2339 gr.
1119 2272 1272 2339 ἀμφί,
1312 2272 1461 2338 ἄμφω
1493 2275 1604 2323 ahd.
1637 2277 1771 2323 umbi
1811 2293 1869 2322 zu
1903 2275 2292 2323 entnehmenden
2334 2275 2435 2323 ein-

189 2363 210 2375 ’
252 2359 427 2406 fachen
452 2353 790 2419 Praeffizform,
817 2358 895 2406 die
927 2358 1076 2405 nach
1111 2356 1361 2404 Schulze
1397 2356 1443 2404 S.
1472 2358 1572 2404 541
1587 2358 1642 2418 f.‚
1676 2359 1770 2404 wie
1802 2357 1854 2403 in
1886 2358 2097 2413 amicare,
2129 2372 2181 2405 so
2207 2373 2305 2404 nun
2331 2360 2434 2405 ent·

251 2439 577 2503 spreehender
608 2439 773 2487 Weise
818 2440 943 2487 auch
987 2441 1040 2486 in
1085 2438 1195 2486 dem
1226 2439 1419 2486 Namen
1463 2438 1548 2485 der
1591 2454 1672 2486 am
1703 2437 1942 2487 Aternum
1987 2439 2256 2502 gelegenen
2289 2436 2436 2486 Stadt

250 2522 560 2570 Amiternum
592 2538 653 2569 zu
685 2521 866 2569 suchen
898 2523 985 2581 sei,
1025 2522 1281 2582 operieren
1321 2520 1469 2568 auch
1509 2520 1687 2568 sehon
1720 2520 1772 2567 F.
1801 2518 2098 2568 Gustafsson
2131 2520 2261 2567 Bull.
2295 2519 2353 2567 de
2385 2520 2435 2567 la

251 2619 344 2653 soc.
392 2604 615 2667 linguist.
668 2605 733 2650 12
771 2596 963 2669 (1902)
1013 2619 1059 2665 p.
1093 2602 1227 2650 LXV
1244 2603 1276 2649 f.
1324 2601 1426 2649 und
1471 2601 1767 2665 neuerdings
1815 2602 1873 2648 A.
1907 2602 2133 2664 Diihring
2179 2600 2434 2648 Wolfflins

251 2686 436 2733 Archiv
472 2688 554 2749 14,
583 2683 731 2734 138“.
783 2685 1000 2733 Ceterum
1034 2683 1235 2733 Schulze
1277 2684 1513 2732 Varronis
1545 2698 1642 2731 non
1672 2685 1922 2731 immemor
1952 2686 2061 2744 fuit.

404 2778 487 2836 10,
516 2776 597 2822 18.
639 2769 808 2839 aliter]
842 2776 943 2822 scil.
979 2790 1126 2835 quam
1160 2789 1254 2835 par
1285 2775 1360 2821 est
1392 2773 1471 2820 vel
1503 2772 1675 2820 decet?
1707 2766 1879 2838 (aliter
1909 2775 2060 2833 atque
2093 2771 2231 2819 decet
2264 2771 2433 2833 ambit,

254 2873 311 2903 ex
336 2856 528 2903 ambitu
544 2857 818 2904 Mommsen
843 2850 1085 2904 ‘Staatsrf
1113 2848 1241 2914 1310.
1272 2858 1302 2902 4
1316 2856 1386 2902 78
1410 2854 1522 2902 adn.
1550 2854 1615 2901 ad
1645 2855 1929 2902 sententiam
1952 2846 2110 2919 recte).
2151 2853 2237 2914 qui
2261 2848 2434 2917 (avi)-

252 2938 381 2985 diter
413 2931 509 3003 (vel
540 2931 915 3003 <speci>aliter)
950 2937 1073 2985 facit
1102 2936 1300 2984 Schoell.
1336 2963 1398 2967 —
1435 2934 1735 2998 indagabilis
1766 2934 1881 2982 Scal
1915 2930 2129 2997 (videtur
2170 2935 2326 2982 Varro
2358 2935 2432 2982 in-

252 3019 473 3082 dagabili
504 3020 749 3074 adiecisse,
792 3021 909 3078 quia
942 3013 1077 3066 ‘raro
1119 3018 1245 3065 illud
1275 3019 1436 3072 datur,
1477 3020 1533 3064 ut
1564 3018 1727 3076 possis
1767 3017 2101 3064 liberalitatem
2133 3019 2273 3077 atque
2305 3017 2432 3065 beni-

248 3102 481 3161 {mitatem
513 3101 575 3148 ab
606 3101 792 3148 ambitu
824 3103 965 3160 atque
997 3101 1253 3159 laryitione
1282 3093 1547 3159 seiunqere'
1581 3096 1710 3158 [Cic.
1743 3098 1788 3145 d.
1822 3112 1890 3146 or.
1923 3098 1993 3144 II
2023 3096 2158 3158 105]
2153 3097 2196 3158 ).

412 3191 495 3250 10,
522 3190 590 3237 20
604 3203 670 3250 sq.
722 3187 994 3248 Antiquwm
1024 3190 1109 3236 hoc
1138 3188 1455 3247 veriloquium
1484 3187 1714 3235 Nissenio
1738 3187 1808 3233 II
1823 3202 1877 3246 16.
1905 3187 2011 3234 544
2045 3188 2211 3235 tribuit
2237 3186 2436 3236 Schulze

252 3269 282 3317 l.
307 3283 345 3317 3.
370 3283 407 3316 3.
430 3283 486 3327 10.
515 3269 619 3316 569
653 3268 767 3316 adn.
797 3272 842 3317 7.

404 3352 488 3411 10,
508 3351 591 3397 21.
632 3365 730 3411 qua
755 3351 898 3398 etiam
912 3348 1184 3411 Altenbury
1209 3350 1266 3398 de
1289 3363 1430 3398 serm.
1447 3351 1560 3410 ped.
1586 3354 1665 3399 etc.
1691 3349 1830 3411 (sent.
1855 3349 2099 3411 controv),
2131 3351 2241 3398 item
2267 3349 2432 3399 Groth.

254 3433 372 3494 quia
401 3432 502 3480 noli
531 3432 736 3479 scribere
766 3446 874 3480 cum
899 3431 1089 3488 Ellisio,
1112 3445 1208 3492 pro
1233 3446 1324 3490 quo
1359 3432 1516 3480 Varro
1541 3431 1674 3494 quod
1688 3445 1872 3492 ponere
1896 3435 2162 3480 consuevit:
2191 3432 2250 3491 cf.
2268 3432 2430 3492 praef.

253 3513 495 3574 Spenyelii
517 3528 572 3573 p.
595 3512 821 3561 LXVII
848 3516 891 3561 et
918 3513 1034 3562 Keil
1063 3515 1116 3561 in
1147 3528 1187 3560 r.
1218 3528 1259 3561 r.
1291 3513 1395 3560 III
1423 3516 1507 3569 16,
1535 3515 1605 3561 19
1626 3527 1681 3572 p.
1706 3514 1829 3562 291.

406 3597 490 3655 11,
517 3595 563 3642 9.
607 3593 681 3654 Cf.
717 3593 770 3643 0.
794 3595 1079 3656 Hirschfeld
1110 3595 1280 3644 Herm.
1315 3595 1462 3644 VIII
1476 3611 1530 3655 p.
1558 3597 1678 3643 469.

407 3679 490 3738 11,
519 3679 610 3725 11.Δ
647 3675 746 3723 Pro
778 3678 1003 3724 austrum
1034 3677 1161 3737 quod
1190 3676 1380 3724 Eurum
1410 3676 1538 3724 Rhol
1572 3677 1766 3735 scripsit
1794 3690 1903 3724 cum
1931 3675 1997 3731 B,
2028 3676 2082 3724 id
2117 3675 2302 3735 falsum
2333 3688 2432 3724 esse

253 3760 386 3807 docet
414 3757 588 3806 Strabo
611 3757 683 3804 II
698 3772 753 3817 p.
781 3761 910 3805 111:
942 3759 1002 3818 cf.
1025 3748 1149 3806 Keil'
1170 3759 1237 3807 ad
1271 3758 1415 3806 Varr.
1446 3758 1505 3806 de
1534 3773 1588 3806 re
1617 3773 1655 3806 r.
1679 3771 1734 3817 p.
1762 3759 1808 3806 9.
2015 3781 2022 3786 ·

2568 3767 2573 3773 ι
2592 3735 2600 3783 1

2584 3780 2600 3850 ,1
