2600 4198
988 137 1448 183 PROLEGOMENA
2215 143 2339 188 XLV

157 273 428 327 illustrare
464 274 639 340 liceat,
680 273 774 342 qui
812 277 985 327 exstat
1023 274 1162 327 libro
1203 274 1254 328 V
1279 274 1372 327 85:
1411 273 1554 329 Salii
1591 275 1656 328 ab
1694 276 1956 330 salitando
1997 279 2135 344 quod
2170 280 2339 344 facere

158 363 217 416 in
265 363 487 416 comitiis
534 363 593 415 in
642 363 808 415 sacris
856 364 1135 429 quotannis
1173 367 1219 416 et
1254 364 1415 416 solent
1450 369 1498 416 et
1527 364 1723 417 debent:
1775 383 1840 416 ex
1879 366 2072 434 quibus
2111 368 2338 435 pendere

156 454 338 519 posset
377 449 599 503 Verrius
638 450 778 504 Fest.
819 470 869 519 p.
903 449 1068 520 32612,
1107 452 1200 504 32:
1248 451 1424 506 Salios
1469 470 1504 505 a
1547 454 1780 506 saliendo
1819 458 1867 506 et
1901 454 2139 507 saltando
2180 457 2340 509 dictos

155 540 396 607 quamvis
426 535 659 593 dubitari
696 557 802 592 non
843 540 1029 604 debeat,
1074 540 1167 592 sed
1206 558 1342 608 quae
1381 541 1651 594 adduntur
1690 542 1832 610 apud
1869 541 2111 595 Festum:
2167 548 2337 597 tamen

157 627 404 681 Polemon
458 630 539 681 ait
574 628 791 681 Arcada
844 630 1103 695 quendam
1153 629 1318 695 fuisse
1370 631 1577 682 nomine
1615 630 1822 683 Salium
1876 649 2023 699 quem
2061 632 2267 685 Aeneas
2304 651 2339 685 a

155 717 442 770 Mantinea
472 718 531 770 in
559 718 779 770 Italiam
810 719 1089 784 deduxerit,
1121 719 1212 784 qut
1242 719 1447 771 iuvenes
1478 719 1692 772 Italicos
1724 719 1982 773 ἐνόπλιον
2012 722 2338 774 saltationem

154 806 393 874 docuerit,
449 825 509 858 ea
564 806 821 859 Varronis
876 824 989 858 esse
1040 825 1213 875 neque
1265 826 1330 860 ex
1381 808 1485 860 hoc
1538 807 1657 860 loco
1712 808 1930 861 fluxisse
1986 813 2188 862 certum
2244 814 2336 863 est.

154 893 371 946 Etenim
410 894 647 948 Isidorus
685 895 865 964 Etym.
899 894 1086 947 XVIII
1110 895 1183 948 50
1223 895 1312 966 (ex
1352 896 1558 965 optimo
1598 897 1762 965 fonte,
1809 916 1918 949 non
1959 917 2024 951 ex
2061 898 2236 968 Festo,
2277 904 2337 951 ut

155 981 346 1035 Grialii
378 986 644 1036 sententia
674 988 770 1053 est,
808 1003 981 1053 neque
1021 1003 1086 1036 ex
1124 983 1307 1038 Servio
1341 985 1474 1037 Dan.
1507 986 1565 1038 in
1596 985 1727 1038 Aen.
1762 985 1894 1039 VIII
1920 987 2043 1055 285,
2082 988 2176 1040 ubi
2209 989 2337 1041 item

154 1072 452 1125 Varronem
493 1073 703 1137 excitat,
745 1074 836 1126 sed
875 1074 1103 1126 fortasse
1144 1093 1207 1126 ex
1249 1074 1522 1139 Suetonio,
1569 1078 1631 1127 ut
1669 1075 1898 1129 Kettner
1939 1075 2108 1129 eStud.
2153 1078 2337 1145 Varr.',

152 1160 307 1214 Halis
350 1161 514 1231 1865,
568 1181 618 1231 p.
664 1163 827 1231 6sqq.
886 1164 1250 1215 demonstrare
1307 1163 1538 1234 studuit)
1593 1164 1724 1217 haec
1779 1166 2015 1218 exhibet:
2069 1167 2337 1220 saltatores

151 1255 322 1303 autem
361 1253 653 1305 nominatos
702 1253 867 1305 Varro
907 1254 1036 1305 dicit
1071 1254 1135 1305 ab
1171 1253 1380 1305 Arcade
1419 1253 1567 1306 Salio
1606 1272 1749 1321 quem
1784 1255 1989 1309 Aeneas
2027 1257 2086 1308 in
2118 1256 2336 1309 Italiam

150 1356 316 1393 secum
357 1341 582 1393 adduxit
619 1342 805 1409 quique
835 1343 1010 1408 primo
1043 1343 1211 1395 docuit
1245 1342 1508 1395 Romanos
1539 1344 1872 1398 adolescentes
1902 1345 2093 1398 nobiles
2123 1346 2336 1398 saltare:

153 1446 312 1497 quam
365 1430 739 1482 difficultatem
792 1431 1061 1499 quomodo
1114 1432 1304 1483 melius
1356 1432 1699 1500 expediamus
1741 1451 1900 1501 quam
1939 1437 2002 1485 ut
2041 1433 2335 1488 Varronem

153 1516 521 1586 Antiquitates
577 1520 633 1570 in
695 1538 846 1571 suam
901 1539 1013 1572 rem
1077 1521 1501 1590 excerpsisse,
1563 1521 1815 1574 Verrium
1851 1523 2183 1593 'diligentius
2239 1542 2337 1576 ex-

153 1607 494 1676 scripsisse
547 1608 784 1661 dicamus
838 1627 947 1661 non
998 1610 1255 1662 videmus.
1349 1609 1571 1662 Verrius
1611 1609 1869 1663 Varronis
1910 1631 2102 1664 nomen
2144 1613 2336 1681 omisit,

152 1698 340 1763 utpote
388 1698 480 1764 qui
519 1696 866 1749 Polemonem
908 1702 1120 1750 secutus
1161 1701 1321 1768 esset3
1378 1697 1619 1750 Isidorus
1661 1701 1707 1751 si
1747 1701 2218 1770 grammaticorum
2258 1721 2336 1753 ra—

150 1784 351 1837 tionem
386 1786 538 1853 sequi
569 1787 862 1855 maluisset,
895 1787 1137 1839 dixisset:
1181 1787 1346 1840 Varro
1379 1792 1424 1840 et
1448 1787 1696 1841 Polemon
1728 1790 1908 1842 dicunt
1939 1808 1979 1841 e.
2008 1808 2054 1858 q.
2082 1809 2119 1842 s,
2181 1789 2334 1843 Alios

149 1873 298 1926 locos
338 1874 541 1926 similes
582 1875 755 1927 adfert
795 1875 1318 1945 Kriegshammer
1356 1877 1389 1928 1.
1424 1895 1462 1929 s.
1497 1895 1535 1931 s,
1569 1897 1618 1945 p.
1653 1878 1746 1946 88,
1803 1897 1936 1946 quos
1984 1879 2110 1930 licet
2150 1880 2336 1931 simili-

151 1962 336 2015 tudine
378 1964 606 2031 quadam
649 1982 879 2017 conexos
920 1983 986 2017 ex
1025 1966 1390 2035 grammaticis
1430 1966 1586 2018 libris
1625 1985 1734 2018 non
1773 1969 1953 2036 potuit
1992 1967 2219 2036 haurire,
2275 1972 2335 2020 ut

149 2070 214 2104 ex
252 2051 685 2121 Antiquitatibus
725 2053 966 2106 hausisse
1006 2055 1263 2107 videatur.
1280 2054 1322 2125 1)
1416 2054 1570 2117 Quod
1617 2057 2043 2108 transferendum
2082 2061 2334 2126 putamus

147 2142 202 2193 in
244 2142 376 2194 alios
416 2142 564 2195 locos
603 2142 746 2194 haud
786 2162 983 2212 paucos
1025 2147 1078 2196 et
1119 2144 1470 2196 similitudine
1512 2145 1740 2213 quadam
1772 2146 2024 2216 insigneS,
2065 2148 2166 2198 etsi
2201 2165 2334 2214 quae

148 2230 357 2283 diversa
406 2235 532 2283 sunt
583 2232 907 2285 testimoniis
956 2234 1114 2285 certis
1155 2234 1221 2285 ad
1261 2233 1557 2286 Varronem
1598 2253 1706 2286 non
1746 2253 2032 2303 possumus
2073 2254 2333 2288 revocare.

150 2317 312 2371 Cuius
354 2322 562 2390 generis
601 2320 701 2373 hos
741 2340 854 2374 esse
893 2323 1040 2374 locos
1081 2326 1332 2390 putamus
1371 2322 1542 2393 (Festi
1583 2324 1667 2376 vel
1698 2322 1852 2376 Pauli
1892 2325 2038 2377 locos
2080 2325 2171 2393 qui
2212 2344 2334 2379 con-

146 2408 285 2460 ferre
326 2411 517 2478 cupiet,
559 2429 624 2462 ex
661 2411 1001 2481 testiinoniiS‚
1044 2430 1178 2480 quae
1211 2413 1383 2465 textui
1416 2413 1755 2481 subiecimUS‚
1794 2412 1988 2485 petat):
2029 2413 2332 2467 V28-33.

147 2496 382 2548 41-56
439 2499 689 2568 (exclusis
744 2499 1048 2569 Argeorum
1112 2500 1592 2573 inscriptionibus).
1649 2502 1897 2554 69—73.
1960 2504 2044 2555 81.
2106 2504 2189 2556 82.
2245 2504 2329 2556 86.

298 2718 339 2773 1)
371 2717 517 2762 Paulo
551 2719 689 2763 aliter
719 2734 792 2764 res
826 2735 925 2765 sese
957 2721 1103 2765 habet
1133 2721 1184 2764 in
1215 2721 1316 2766 loco
1350 2722 1553 2778 quodam
1585 2722 1703 2767 miro
1736 2724 1874 2767 modo
1908 2738 2012 2767 cum
2036 2723 2189 2768 Nonio
2223 2739 2331 2768 con-

145 2790 327 2846 iuncto;
362 2792 488 2849 apud
514 2808 652 2849 quem
684 2810 727 2851 p.
750 2799 850 2847 471,
872 2801 896 2838 2
922 2795 1039 2839 haec
1066 2798 1271 2840 exstant:
1305 2799 1520 2842 sortirent
1538 2812 1628 2854 pro
1652 2800 1936 2842 sortirentur.
1989 2799 2136 2843 Varro
2159 2800 2332 2843 Rerum

144 2866 453 2911 humanarum
484 2869 599 2913 libro
625 2870 697 2913 X.-
728 2884 829 2914 cum
853 2871 1058 2914 venerint
1087 2884 1289 2915 censores
1321 2873 1440 2915 inter
1471 2886 1516 2916 se
1547 2874 1760 2916 sortiant.
1811 2871 1937 2925 Quae
1962 2873 2103 2916 verba
2126 2873 2200 2916 vix
2225 2887 2330 2929 pos-

146 2944 255 2983 sunt
286 2940 495 2998 disiungi
529 2942 586 2986 ab
619 2943 692 2986 his
726 2958 846 2999 quae
877 2944 927 2986 in
958 2943 1080 2988 libro
1114 2947 1243 2989 sexto
1277 2946 1335 2989 de
1367 2945 1396 2989 l.
1423 2945 1452 2989 l.
1480 2948 1571 3002 (87)
1616 2945 1837 3002 leguntur
1884 2951 1957 3002 (ex
1998 2947 2218 2991 censoriis
2259 2950 2330 2991 ta-

146 3013 311 3072 bulis):
359 3016 441 3059 ubi
471 3023 707 3072 praetores
745 3020 1009 3075 tribunique
1045 3020 1195 3076 plebei
1225 3021 1391 3076 quique
1422 3021 1474 3063 in
1508 3021 1749 3064 consilium
1779 3023 1929 3065 vocati
1959 3027 2067 3065 sunt
2098 3028 2329 3076 venerunt,

146 3101 348 3134 censores
378 3092 497 3134 inter
527 3105 571 3135 se
602 3094 874 3137 sortiuntur.
925 3093 1152 3137 Omnibus
1183 3093 1322 3137 rebus
1354 3095 1611 3151 perpensis,
1644 3095 1734 3138 etsi
1765 3109 1859 3138 non
1882 3109 2106 3152 negamus
2134 3096 2332 3152 cogitari

145 3175 283 3218 posse
316 3164 373 3207 de
406 3165 616 3222 exemplo
648 3166 913 3222 imperfecti
944 3169 1053 3223 post
1083 3170 1355 3213 sortirentur
1387 3169 1557 3213 omisso
1591 3196 1646 3202 -——
1680 3184 1801 3225 quae
1830 3170 2066 3227 Spengelii
2099 3171 2331 3214 sententia

146 3238 217 3280 est
248 3237 423 3293 praef.²
453 3254 498 3295 p.
524 3239 647 3282 XLII
679 3242 726 3285 et
755 3245 864 3297 post
894 3241 1029 3285 illum
1054 3242 1102 3285 L.
1121 3242 1338 3286 Muelleri
1370 3269 1424 3275 —
1458 3243 1664 3287 Nonium
1696 3244 1808 3287 olim
1839 3244 1956 3288 haec
1989 3244 2173 3288 dedisse
2206 3245 2331 3289 coni-

146 3309 313 3355 cimus:
353 3314 516 3358 sortire
548 3328 638 3370 pro
669 3317 829 3360 sortiri
857 3342 914 3348 —
946 3331 1056 3360 nam
1090 3317 1340 3372 aliquoties
1372 3317 1421 3360 in
1452 3318 1688 3362 lemmatis
1721 3320 1791 3362 est
1821 3318 2043 3362 infinitivi
2074 3319 2147 3362 vel
2178 3320 2329 3375 prima

147 3387 230 3429 aut
258 3386 403 3430 tertia.
435 3387 687 3445 singularis
718 3390 978 3445 praesentis
1011 3391 1162 3434 forma
1201 3405 1285 3447 pro
1319 3391 1425 3435 aliis
1457 3406 1578 3447 quae
1611 3395 1719 3436 sunt
1750 3393 1799 3436 in
1830 3392 2114 3437 testimoniis
2145 3392 2326 3436 formis:

146 3457 204 3502 cf.
237 3463 338 3514 473,
364 3465 434 3505 20.
467 3466 544 3516 243
578 3467 679 3517 479,
707 3468 784 3519 17;
815 3469 917 3520 480,
944 3469 991 3520 93
1025 3469 1126 3520 481,
1153 3469 1178 3508 3
1211 3492 1268 3497 ——
1295 3467 1440 3510 Varro
1466 3466 1638 3511 Rerum
1665 3467 1973 3511 humanarum
1998 3468 2114 3511 libro
2137 3470 2203 3510 X:
2226 3481 2326 3510 cum

146 3535 350 3579 venerint
379 3549 592 3591 censores,
623 3538 743 3582 inter
771 3551 816 3582 se
847 3540 1055 3584 sortiant.
1119 3539 1265 3600 Varro
1296 3539 1443 3597 igitur
1474 3540 1525 3583 in
1554 3540 1688 3584 libris
1728 3540 2064 3596 grammaticis,
2102 3539 2194 3582 nisi
2227 3554 2327 3584 cor-

143 3606 330 3662 ruptela
361 3610 451 3664 est,
485 3609 685 3654 formam
716 3613 973 3659 sortiuntur
1002 3613 1127 3657 male
1160 3613 1403 3670 excerpsit,
1435 3613 1615 3658 Nonius
1648 3628 1848 3659 censores
1878 3614 2000 3658 male
2033 3614 2094 3657 ad
2124 3616 2327 3659 venerint

143 3679 351 3743 rettulit.
419 3682 510 3728 Sed
540 3684 630 3729 hoc
660 3687 769 3730 utut
800 3688 892 3742 est,
939 3701 997 3731 ex
1026 3686 1179 3731 Nonio
1220 3701 1331 3732 sane
1376 3688 1621 3742 discimus,
1669 3689 1719 3732 in
1750 3688 2128 3743 Antiquitatibus
2159 3688 2325 3732 harum

143 3766 297 3798 rerum
326 3756 612 3802 mentionem
643 3759 890 3806 exstitisse.
