2600 4198
1042 147 1425 193 FRAGMENTA
2218 156 2326 208 235

408 282 688 347 cationem,
741 282 1005 352 siquidem
1056 283 1328 355 significat
1367 285 1530 338 etiam
1568 304 1854 356 personam
1895 307 2028 358 quae
2068 289 2325 359 loquitur.

406 371 526 425 ideo
578 371 686 424 iam
726 371 1020 424 obnoxium
1060 376 1142 425 est
1180 375 1395 427 veritati
1436 378 1528 427 aut
1578 375 1828 428 falsitati:
1877 395 2002 429 nam
2043 382 2095 430 et
2142 381 2328 450 negari

409 464 461 513 et
500 460 759 512 affirmari
806 463 1001 529 potest.
1080 462 1255 514 omnis
1303 463 1485 533 itaque
1523 465 1698 533 prima
1739 468 1793 518 et
1832 467 2062 519 secunda
2100 486 2327 537 persona

406 549 558 602 verbi
596 549 842 618 quamvis
895 550 1214 620 singillatim
1260 553 1581 623 enuntietur,
1633 557 1814 607 tamen
1864 555 2006 608 inter
2044 557 2328 610 coniuncta

94 656 115 690 ο
407 638 570 691 verba
607 639 995 709 numerabitur,
1037 640 1162 708 quia
1195 641 1491 710 simplicem
1525 661 1634 694 non
1666 643 1828 696 habet
1859 644 2326 716 significationem.

408 770 418 780 .
451 770 461 780 .
497 770 507 780 .
538 727 700 780 tertia
738 745 966 796 persona
998 728 1148 780 verbi
1189 748 1398 798 semper
1437 730 1578 783 inter
1618 731 1885 800 simplicia
1923 738 2235 787 numeratur
2275 740 2327 788 et

408 817 648 870 nondum
688 819 782 869 aut
821 817 1079 869 affirmari
1119 821 1213 869 aut
1250 819 1436 888 negari
1475 823 1670 888 potest,
1710 820 1814 873 nisi
1848 839 1968 873 cum
2000 823 2133 875 talia
2166 825 2327 876 verba

404 908 529 958 sunt
569 905 764 974 quibus
803 906 1103 958 necessario
1146 906 1393 960 cohaeret
1443 926 1702 977 personae
1744 910 2067 980 significatio
2110 931 2328 966 consue-

402 994 589 1047 tudine
626 994 896 1063 loquendi,
935 998 996 1047 ut
1029 1013 1150 1048 cum
1183 995 1409 1048 dicimus
1445 997 1622 1066 ‘pluit'
1657 998 1742 1051 vel
1777 999 2046 1070 ‘ninguit'‚
2086 1001 2248 1054 etiam
2282 1003 2327 1054 si

70 1100 110 1133 ιο
402 1102 506 1136 non
551 1083 775 1136 addatur
816 1084 935 1152 quis
985 1083 1138 1153 pluat
1179 1089 1272 1137 aut
1323 1085 1568 1156 ninguat‚
1609 1090 1788 1140 tamen
1829 1089 1955 1157 quia
1994 1089 2329 1160 intellegitur

400 1191 508 1225 non
558 1175 738 1241 potest
789 1173 930 1225 inter
982 1173 1249 1242 simplicia
1298 1176 1583 1229 numerari.
1663 1178 1948 1229 coniuncta
1987 1179 2147 1231 verba
2201 1184 2327 1232 sunt

402 1280 537 1331 quae
570 1261 674 1314 sibi
712 1279 913 1315 conexa
943 1280 1027 1315 res
1059 1263 1241 1331 plures
1276 1263 1598 1334 significant,
1637 1270 1698 1318 ut
1731 1284 1852 1318 cum
1885 1266 2110 1320 dicimus
2147 1268 2326 1322 ‘homo

402 1351 661 1404 ambulat'
697 1354 790 1403 aut
831 1351 1012 1404 ‘homo
1052 1352 1314 1405 festinans
1355 1354 1411 1406 in
1450 1358 1688 1408 montem
1730 1356 1991 1408 ambulat’
2027 1360 2080 1409 et
2120 1358 2165 1409 si
2200 1359 2327 1427 quid

401 1440 522 1493 tale.
602 1439 692 1492 sed
733 1440 1142 1493 coniunctorum
1181 1442 1468 1495 verborum
1509 1444 1614 1496 alia
1655 1448 1782 1496 sunt
1822 1463 1956 1514 quae
2005 1447 2327 1499 sententiam

69 1546 108 1578 15
402 1528 876 1599 comprehendunt,
916 1533 977 1582 ut
1017 1548 1077 1583 ea
1118 1549 1252 1599 quae
1294 1531 1436 1584 dicta
1477 1536 1618 1603 sunt,
1657 1534 1797 1603 <alia
1831 1536 2002 1603 quae>
2042 1539 2326 1605 expectant

402 1618 608 1688 aliquid
631 1618 735 1687 <ad
760 1619 1154 1687 conpletionem
1181 1621 1527 1690 sententiae),
1560 1626 1622 1674 ut
1655 1624 1838 1675 eadem
1870 1623 1988 1692 ipsa
2020 1643 2154 1693 quae
2187 1644 2329 1678 nunc

401 1708 657 1777 diximuS,
713 1709 756 1760 si
813 1708 1098 1760 subtrahas
1147 1709 1369 1762 verbum
1418 1712 1563 1779 quod
1608 1712 1845 1780 positum
1895 1716 1975 1765 est
2025 1713 2327 1767 ‘ambulat’t

401 1798 644 1866 quamvis
685 1797 828 1849 enim
868 1797 1030 1849 verba
1071 1798 1358 1853 coniuncta
1402 1800 1510 1851 sint
1552 1801 1733 1853 ehomo
1782 1802 2044 1854 festinans
2085 1803 2140 1854 in
2180 1821 2328 1855 mon-

402 1887 548 1954 tem'‚
599 1889 778 1938 tamen
829 1885 1004 1939 adhuc
1053 1888 1250 1955 pendet
1298 1889 1492 1941 oratio:
1548 1890 1808 1959 separatis
1856 1891 2024 1962 igitur
2072 1891 2156 1943 his
2206 1910 2328 1945 con-

65 1993 107 2025 20
397 1976 594 2028 iunctis
633 1974 810 2027 verbis
852 1993 988 2044 quae
1027 1994 1135 2028 non
1184 1976 1411 2046 implent
1454 1979 1777 2031 sententiam
1818 1983 2024 2032 restant
2064 1999 2124 2032 ea
2164 1981 2326 2034 verba

400 2064 686 2118 coniuncta
719 2082 854 2132 quae
888 2064 1210 2116 sententiam
1250 2067 1723 2136 comprehendunt.
1785 2068 1980 2121 horum
2021 2070 2151 2122 item
2192 2070 2326 2123 duae

401 2154 603 2223 species
645 2157 789 2206 sunt:
830 2156 924 2205 aut
963 2154 1105 2207 enim
1146 2154 1222 2206 sic
1262 2156 1528 2209 sententia
1570 2157 2056 2228 comprehenditur,
2097 2162 2158 2211 ut
2197 2178 2322 2213 vero

400 2246 493 2295 aut
531 2243 668 2296 falso
708 2246 955 2295 teneatur
995 2243 1245 2311 obnoxia⁷
1284 2248 1345 2297 ut
1386 2248 1466 2297 est
1502 2247 1695 2299 ‘omnis
1735 2246 1897 2299 homo
1939 2248 2200 2300 ambulat'
2235 2253 2326 2301 aut

401 2332 593 2385 ‘omnis
629 2331 790 2384 homo
822 2350 931 2384 non
965 2332 1224 2385 ambulat'
1260 2336 1313 2385 et
1354 2334 1399 2385 si
1433 2335 1562 2403 quid
1601 2336 1762 2387 huius
1794 2336 1942 2388 modi
1977 2341 2083 2407 est3
2124 2341 2217 2389 aut
2249 2338 2326 2389 ita

64 2440 104 2472 25
400 2421 656 2490 impletur
699 2421 977 2489 sententia,
1017 2425 1078 2473 ut
1116 2421 1243 2474 licet
1286 2424 1529 2491 perficiat
1570 2425 1912 2493 propositum
1956 2426 2140 2495 animi,
2182 2427 2324 2479 affir-

400 2511 538 2563 mari
592 2513 773 2562 tamen
825 2511 1078 2580 negarive
1132 2529 1242 2563 non
1294 2513 1484 2581 possit,
1539 2516 1601 2564 ut
1651 2532 1771 2566 cum
1827 2514 2153 2583 imperamus
2204 2534 2324 2568 cum

402 2603 651 2668 optamus
683 2618 804 2651 cum
838 2617 1176 2651 exsecramur
1208 2604 1260 2652 et
1295 2601 1507 2653 similia.
1555 2621 1680 2654 nam
1708 2603 1951 2671 quisquis
1986 2603 2115 2655 dicit
2143 2605 2323 2674 eperge

401 2689 468 2740 ad
491 2687 695 2740 villam’
722 2688 808 2740 vel
842 2687 1069 2740 ‘utinam
1094 2692 1284 2758 pergat
1309 2690 1375 2741 ad
1399 2690 1604 2742 villam’
1632 2691 1716 2743 vel
1744 2691 1817 2743 ‘di
1850 2691 2005 2743 illum
2037 2693 2324 2761 perduint’,

399 2796 509 2830 non
547 2779 727 2846 potest
759 2777 914 2848 argui
948 2777 1091 2845 quod
1132 2778 1425 2830 mentiatur
1463 2782 1557 2831 aut
1589 2780 1732 2832 credi
1766 2781 1910 2849 quod
1940 2799 2127 2833 verum
2161 2782 2322 2834 dicat:

64 2886 108 2919 30
401 2866 539 2919 nihil
579 2867 718 2918 enim
773 2866 1064 2918 affirmavit
1103 2869 1196 2918 aut
1248 2867 1486 2937 negavit3
1538 2886 1664 2938 ergo
1705 2888 1802 2922 nec
1853 2870 1987 2922 tales
2030 2871 2323 2923 sententiae

401 2956 457 3008 in
497 2956 867 3025 quaestionem
906 2955 1144 3024 veniunt,
1183 2959 1244 3007 ut
1286 2956 1672 3025 disputatorem
1714 2958 2004 3027 requirant.
2069 2959 2161 3012 sed
2201 2959 2322 3012 illae

404 3064 539 3114 quae
577 3045 859 3115 requirunt
898 3047 991 3096 aut
1043 3045 1313 3114 simplices
1354 3050 1480 3098 sunt
1530 3050 1625 3099 aut
1664 3048 1998 3101 coniunctae:
2053 3049 2322 3118 simplices

403 3137 529 3186 sunt
560 3152 694 3203 quae
728 3133 842 3186 sine
875 3133 987 3186 ulla
1019 3134 1361 3202 copulatione
1387 3136 1683 3189 sententiae
1717 3136 1935 3190 alterius
1962 3139 2322 3201 enuntiantur,

400 3226 462 3275 ut
500 3225 582 3275 est
619 3222 756 3275 illud
797 3222 941 3291 quod
973 3222 1198 3276 dicimus
1242 3224 1435 3276 ‘omnis
1476 3224 1639 3278 homo
1680 3226 1964 3297 ambulat’3
2008 3227 2323 3279 coniunctae

67 3331 110 3364 35
404 3314 530 3364 sunt
563 3311 626 3364 de
660 3330 887 3380 quarum
929 3313 1270 3381 copulatione
1309 3313 1590 3384 iudicatur,
1629 3317 1691 3367 ut
1722 3318 1803 3368 est
1837 3316 1902 3367 ‘si
1941 3316 2181 3368 ambulat
2211 3333 2323 3368 mo-

401 3401 591 3454 vetur’.
669 3399 761 3453 sed
801 3418 922 3453 cum
963 3400 1027 3453 dc
1080 3402 1459 3455 coniunctione
1499 3403 1884 3456 sententiarum
1936 3405 2193 3456 iudicium
2243 3405 2322 3471 fit,

282 3595 307 3636 8
341 3593 450 3636 sunt
479 3593 548 3637 vel
578 3591 672 3635 sint
702 3592 716 3648 ΙΙ
751 3595 775 3633 9
807 3590 886 3635 uel
917 3592 983 3635 vel
1015 3594 1097 3635 aut
1125 3593 1130 3648 Ι
1158 3591 1346 3649 ninguit
1376 3593 1445 3637 vel
1474 3592 1630 3649 ningit
1653 3594 1721 3636 vel
1751 3593 1947 3649 ninguet
1979 3595 1991 3650 ΙΙ
2027 3597 2079 3635 15
2097 3607 2160 3649 sq.
2185 3595 2320 3649 suppl

135 3652 357 3697 Orecelius
388 3665 444 3697 ex
475 3652 568 3697 loeo
599 3651 838 3706 inferiore:
870 3650 927 3704 cf.
953 3651 1016 3695 ad
1041 3665 1090 3706 p.
1113 3654 1221 3705 236,
1239 3654 1344 3707 9sq.
1369 3653 1383 3709 ΙΙ
1414 3656 1466 3695 17
1494 3653 1565 3695 est
1587 3653 1655 3695 vel
1679 3653 1750 3695 est
1774 3652 1985 3696 ambulat
2015 3654 2029 3708 Η
2062 3657 2118 3696 24
2143 3654 2214 3695 est
2239 3655 2321 3695 aut

132 3711 200 3756 vel
224 3712 273 3755 et
296 3712 379 3755 aut
405 3713 412 3768 Ι
438 3711 507 3755 ita
537 3711 607 3756 vel
635 3710 798 3766 itaque
821 3710 834 3766 ΙΙ
860 3714 914 3752 27
942 3722 1233 3754 exsecramus
1258 3711 1325 3754 vel
1350 3723 1642 3754 exsecramur
1669 3713 1675 3767 Ι
1705 3710 1915 3766 quisquis
1941 3711 2059 3756 dicit
2080 3713 2148 3757 vel
2172 3711 2318 3768 siquis

134 3769 299 3828 dicat'ss
324 3774 380 3815 28
403 3769 482 3815 uel
504 3771 572 3816 vel
596 3771 680 3814 aut
705 3770 712 3827 Ι
740 3767 808 3812 dii
834 3768 841 3827 1
868 3768 1091 3825 perduint
1114 3770 1181 3814 vel
1204 3769 1408 3825 perdunt
1423 3771 1492 3815 vel
1514 3770 1716 3826 perdant
1738 3771 1752 3827 ΙΙ
1778 3774 1833 3814 29
1851 3770 1986 3815 dicit:
2013 3784 2114 3816 corr
2129 3771 2320 3817 editores
