2600 4198
85 1132 127 1165 10

1052 173 1432 218 FRAGMENTA
2224 176 2334 228 213

419 327 528 362 non
568 307 851 378 adspirari:
893 309 1064 361 lector
1104 309 1246 362 enim
1286 309 1414 378 ipse,
1452 309 1645 378 inquit,
1683 309 1994 381 intellegere
2036 310 2194 364 debet
2232 311 2338 364 Ro-

419 398 562 467 dum,
590 401 771 450 tamen
796 396 898 450 etsi
922 396 976 449 H
999 415 1111 450 non
1141 398 1320 467 habet,
1344 397 1595 450 Rhodum
1627 416 1758 468 esse,
1788 402 2020 451 retorem
2052 399 2335 453 rhetorem.

154 485 271 560 (²⁸³⁶)
284 487 354 542 83
389 484 484 558 (59
518 484 714 557 [281]).
772 485 829 538 in
868 489 1088 539 accentu
1127 487 1352 538 materia
1388 488 1539 539 locus
1573 490 1625 540 et
1657 490 1851 540 natura
1884 487 2012 557 [est]
2052 488 2335 557 prosodiae

419 573 732 628 brevissime
784 574 1147 643 conprehensa
1203 579 1341 627 sunt.
1419 594 1544 627 nam
1595 576 1820 628 materia
1871 594 1982 628 esse
2038 577 2338 629 ostenditur

417 682 538 732 voit,
565 666 618 716 et
642 681 703 716 ea
728 664 945 732 quidem
973 663 1154 733 qua[e]
1179 663 1346 716 verba
1376 667 1601 732 possunt
1635 683 1838 735 sonare,
1871 665 1925 717 id
1950 668 2030 717 est
2055 665 2338 735 scriptilis3

416 753 567 806 108118
620 755 798 805 autem
851 753 1071 821 syllaba,
1125 753 1379 821 quoniam
1430 753 1648 822 proprie
1700 754 1831 805 haec
1878 753 2029 806 verbi
2079 772 2203 824 pars
2258 758 2338 807 est

418 860 552 910 quae
584 841 775 911 recipit
814 844 1105 894 accentum.
1168 844 1361 893 natura
1391 860 1517 893 vero
1558 841 1842 910 prosodiae
1882 841 1936 893 in
1971 861 2032 895 80
2067 850 2159 912 est,
2193 843 2335 912 quod

418 934 511 983 aut
551 949 762 982 sursum
804 933 884 982 est
923 933 1017 982 aut
1049 930 1317 982 deorsum:
1356 949 1482 983 nam
1523 930 1578 982 in
1614 931 1755 983 vocis
1796 931 2079 983 altitudine
2117 933 2335 984 omnino

417 1022 707 1089 spectatur,
747 1019 876 1071 adeo
910 1022 985 1086 ut,
1025 1018 1070 1071 si
1103 1036 1285 1071 010088
1319 1020 1554 1088 syllabae
1587 1019 1704 1089 pari
1744 1020 1965 1090 fastigio
1999 1020 2144 1073 vocis
2177 1039 2339 1073 enun-

418 1109 636 1176 tientur,
674 1108 924 1176 prosodia
963 1107 1033 1160 sit
1071 1110 1233 1160 nulla.

149 1197 300 1250 *³³84
341 1195 436 1269 (60
477 1195 673 1268 [282]).
753 1200 887 1266 quot
919 1239 928 1249 .
965 1239 974 1248 .
1010 1240 1019 1248 .
1061 1196 1169 1248 sint
1209 1197 1493 1266 prosodiae
1533 1197 1814 1249 dicendum
1856 1202 1936 1250 est
1967 1241 1977 1251 .
2015 1241 2023 1249 .
2059 1241 2067 1250 .
2101 1197 2339 1251 Atheno-

416 1287 575 1338 dorus
624 1286 753 1339 duas
794 1303 910 1338 esse
957 1286 1235 1355 prosodias
1273 1288 1510 1356 putavit,
1550 1305 1711 1338 unam
1752 1286 2076 1357 inferiorem,
2116 1287 2337 1340 alteram

416 1376 765 1446 superiorem3
820 1376 1012 1428 flexam
1068 1379 1245 1428 autem
1287 1408 1359 1413 ——
1399 1395 1521 1427 nam
1577 1376 1653 1428 ita
1706 1379 1892 1429 nostra
1944 1376 2132 1447 lingua
2187 1393 2337 1446 περι-

298 1527 323 1565 3
360 1523 460 1567 GL.
493 1523 576 1566 IV
602 1526 705 1576 525,
731 1526 791 1565 18
824 1522 890 1579 (10
924 1523 1120 1566 accentu
1155 1556 1164 1565 .
1190 1557 1200 1566 .
1228 1556 1237 1565 .
1270 1521 1416 1578 nulla)
1464 1524 1477 1579 Η
1528 1527 1578 1565 11
1618 1522 1718 1566 GL.
1752 1524 1835 1567 IV
1861 1526 1967 1575 529,
1997 1527 2022 1566 1
2055 1524 2190 1578 (quot
2221 1536 2332 1580 ergo

149 1582 244 1626 sint
268 1616 278 1625 .
306 1617 314 1626 .
343 1618 351 1625 .
378 1584 462 1626 est.
525 1595 644 1637 quae
676 1595 749 1625 res
782 1595 834 1625 80
868 1581 1042 1625 maiore
1076 1596 1181 1625 cum
1213 1595 1324 1624 cura
1362 1582 1612 1624 tractanda
1646 1584 1730 1635 est,
1778 1582 1903 1637 quod
1934 1583 2095 1625 nostra
2124 1581 2244 1625 ratio
2277 1582 2336 1625 ab

148 1642 366 1698 opinione
396 1641 492 1684 iam
523 1641 785 1684 inveterata
816 1643 863 1684 et
896 1642 1101 1684 omnium
1136 1640 1278 1684 ferme
1312 1640 1479 1684 animis
1513 1641 1667 1684 adfixa
1699 1642 1944 1696 discrepat.
2002 1641 2333 1684 Athenodorus

150 1736 157 1744 .
188 1735 196 1744 .
224 1735 233 1745 .
258 1701 370 1744 fuit:
419 1701 498 1756 qui
544 1700 594 1743 in
640 1701 728 1758 [vel
767 1701 899 1759 quin]
947 1700 1074 1757 leges
1116 1714 1222 1743 suas
1261 1700 1438 1756 redigit
1476 1700 1682 1758 [redegit
1720 1702 1785 1745 ed.
1814 1701 1968 1758 Vina]
2010 1701 2103 1744 †ad
2143 1701 2336 1744 ductum

148 1760 344 1804 scientia
376 1762 422 1803 et
447 1760 663 1804 doctrina
695 1760 794 1803 eius
830 1760 1072 1818 [scientiae
1105 1762 1152 1803 et
1177 1760 1416 1803 doctrinae
1450 1759 1548 1803 eius
1582 1761 1711 1814 Weiz,
1745 1760 1974 1803 adductus
2003 1795 2010 1803 .
2040 1795 2047 1803 .
2076 1794 2084 1803 .
2112 1774 2167 1803 ea
2193 1785 2246 1792 —
2272 1762 2339 1804 vel

147 1819 247 1863 eius
280 1818 478 1878 (modi)
511 1845 570 1851 —
602 1819 786 1873 Schoell,
834 1820 921 1863 aliz·
966 1819 1084 1878 alia]
1132 1833 1225 1875 qua
1264 1818 1477 1863 omnibus
1518 1833 1546 1862 a
1586 1832 1633 1863 se
1673 1819 1927 1875 propositis
1967 1819 2338 1863 evidentissimas

147 1878 283 1923 affert
314 1878 629 1935 probationes,
674 1880 728 1921 ut
770 1879 819 1921 id
853 1892 1036 1934 quoque
1068 1893 1152 1935 pro
1182 1879 1339 1921 media
1370 1879 1592 1934 prosodia
1634 1878 1751 1922 facit
1783 1879 1980 1922 dicendo
2009 1915 2016 1922 .
2046 1914 2053 1922 .
2082 1914 2091 1921 .
2118 1879 2242 1922 inter
2274 1893 2334 1922 se.

147 1939 228 1982 sed
259 1938 347 1982 hoc
373 1938 502 1996 <de>
529 1937 730 1996 media[e
783 1938 1071 1995 prosodia[e:
1106 1952 1206 1983 corr
1230 1939 1295 1982 ed.
1324 1938 1480 1996 Vina]
1514 1938 1643 1992 satis,
1677 1952 1768 1993 quo
1795 1938 1898 1993 quis
1925 1938 2042 1981 sciat
2066 1952 2165 1982 esse
2191 1952 2334 1994 quae-

144 1998 352 2042 rendam.
400 1999 606 2041 ceterum
631 1998 711 2052 qui
778 2011 864 2041 308
896 1998 1128 2054 ignorant,
1155 1998 1266 2053 quia
1299 1997 1398 2041 sola
1428 1999 1657 2041 noverunt
1688 2011 1808 2053 quae
1838 1997 1923 2056 <in
1948 1998 2042 2042 add
2066 1999 2128 2041 ed.
2161 1998 2334 2057 Vinci.)

148 2057 392 2116 sc<h>olis
425 2058 718 2112 studuerunt,
763 2071 856 2100 non
889 2059 998 2100 sunt
1031 2057 1267 2113 culpandi.
1333 2057 1414 2100 sed
1446 2071 1530 2101 nec
1570 2057 1831 2114 magistros,
1855 2057 1936 2113 qui
1976 2059 2070 2100 tres
2104 2057 2224 2102 solos
2258 2058 2335 2100 de-

145 2118 409 2162 monstrant
441 2117 605 2160 erroris
640 2117 887 2173 arguerim,
923 2117 961 2160 si
985 2118 1124 2161 modo
1149 2117 1238 2160 hoc
1264 2117 1464 2160 docendi
1489 2130 1628 2160 831183
1653 2117 1848 2172 faciunt,
1882 2130 1988 2159 cum
2019 2116 2145 2172 ipsos
2171 2120 2338 2171 quarta

145 2190 238 2220 non
268 2176 430 2220 lateat.
494 2178 587 2219 tres
629 2176 872 2232 prosodias
912 2176 962 2219 in
993 2191 1082 2220 usu
1114 2191 1213 2220 esse
1247 2176 1364 2219 scire
1397 2178 1582 2232 oportet
1613 2176 1682 2235 [et
1713 2178 1809 2221 secl
1845 2177 1910 2220 ed.
1939 2177 2098 2230 Vinci„
2132 2178 2202 2221 lac
2233 2178 2336 2233 819ιί

147 2237 270 2290 Keil,
311 2237 502 2281 nomina
544 2250 708 2292 9ναεοα
751 2237 888 2292 suppl
918 2236 1132 2294 Schoell];
1177 2236 1334 2279 media
1377 2237 1533 2284 autem
1567 2250 1686 2291 quae
1719 2236 1842 2279 inter
1874 2235 1991 2278 duas
2024 2236 2159 2291 quasi
2202 2235 2336 2279 limes

147 2297 230 2351 8813,
264 2295 389 2350 quod
414 2295 638 2352 gravioris
665 2309 803 2363 quam
831 2295 1052 2338 acutioris
1079 2296 1277 2339 similior
1301 2298 1372 2338 est
1403 2295 1452 2338 in
1477 2295 1711 2338 inferioris
1737 2295 1895 2351 potius
1921 2310 2061 2350 quam
2087 2296 2336 2351 superioris

146 2369 390 2399 numerum
421 2354 670 2411 relegatur
727 2355 775 2398 in
807 2356 896 2399 hoc
929 2356 1052 2398 enim
1084 2355 1181 2400 fere
1215 2355 1590 2399 doctissimorum
1623 2369 1873 2399 consensus
1906 2357 1978 2398 est
2010 2356 2195 2398 acutam
2227 2354 2334 2410 plus

147 2429 240 2458 una
272 2415 321 2457 in
351 2415 491 2458 verbo
525 2428 622 2458 esse
656 2429 747 2458 non
779 2429 929 2470 posse,
974 2429 1138 2471 graves
1173 2428 1272 2458 8888
1305 2414 1577 2470 complures.
1656 2414 1923 2471 prosodiam
1956 2414 2023 2457 ibi
2050 2450 2057 2457 .
2086 2449 2094 2457 .
2124 2450 2131 2458 .
2160 2414 2335 2470 signifi-

148 2475 224 2518 cat
258 2474 400 2532 (Α)
462 2473 643 2517 10οᾶ138
675 2487 782 2517 vero
816 2475 945 2517 cuius
978 2488 1101 2517 nunc
1133 2489 1243 2517 usus
1275 2488 1368 2517 non
1407 2474 1608 2517 habetur
1639 2476 1799 2517 notam
1831 2488 1924 2517 non
1955 2474 2192 2529 ponimus,
2226 2474 2336 2528 quia

146 2547 297 2589 neque
330 2548 357 2577 3,
388 2533 643 2576 maioribus
677 2534 943 2589 accepimus
987 2548 1137 2588 neque
1182 2533 1355 2590 fingere
1398 2546 1657 2589 possumus.
1722 2533 1833 2577 ordo
1863 2569 1907 2576 ..
1936 2533 2138 2576 .evenit.
2202 2533 2335 2576 nobis

148 2607 205 2651 de
238 2609 434 2652 accentu
466 2607 625 2664 †longi
650 2607 750 2650 rido
779 2608 864 2664 [vel
887 2607 1002 2665 ritu]
1027 2608 1327 2650 tractandum
1353 2609 1423 2651 est
1447 2611 1505 2650 118
1531 2608 1618 2664 [vel
1647 2606 1758 2664 Hae]
1788 2607 2004 2661 altitudo,
2031 2620 2150 2661 (11138
2175 2608 2332 2650 tamen

146 2666 328 2734 liquido
360 2667 579 2723 cognosci
625 2681 717 2710 non
761 2668 931 2722 potest,
976 2666 1066 2709 nisi
1109 2666 1419 2723 longitudinis
1461 2680 1644 2723 quoque
1687 2666 1808 2710 ratio
1853 2666 2100 2710 habeatur:
2144 2666 2193 2708 in
2237 2666 2333 2710 81118

148 2726 271 2770 enim
316 2725 476 2781 aliqua
519 2728 653 2782 parte
699 2740 797 2769 esse
844 2726 985 2770 debet
1026 2726 1076 2769 id
1121 2726 1243 2780 quod
1290 2725 1571 2770 altissimum
1615 2728 1698 2769 est.
1762 2725 1963 2781 denique
2007 2739 2111 2768 cum
2145 2725 2335 2768 verbum

148 2785 418 2829 enuntietur
461 2785 618 2841 aliqua
662 2785 710 2828 in
745 2799 797 2829 eo
839 2785 1022 2841 syllaba
1061 2798 1249 2829 necesse
1282 2787 1352 2829 est
1384 2800 1613 2828 summum
1645 2785 1765 2828 illud
1796 2785 1921 2828 vocis
1952 2785 2212 2840 possideat:
2255 2785 2336 2828 sed

148 2857 268 2900 (11138
311 2843 606 2901 potissimum
651 2845 712 2888 sit
757 2858 811 2888 83
843 2845 1092 2888 monstrari
1124 2859 1217 2888 non
1261 2846 1418 2901 potest
1448 2845 1540 2888 nisi
1583 2859 1667 2900 per
1697 2846 1959 2900 temporum
1992 2844 2334 2900 syllabarumve

146 2917 403 2958 numerum,
437 2904 518 2959 qui
549 2904 736 2960 proprie
768 2904 1079 2961 longitudinis
1113 2906 1193 2947 est.
1252 2906 1552 2960 quapropter,
1589 2904 1678 2947 etsi
1710 2903 1916 2948 metricis
1947 2903 2133 2947 videtur
2163 2903 2334 2959 †sylla-

146 2963 312 3007 barum
342 2965 559 3007 naturam
592 2964 651 3008 ad
690 2963 981 3020 rhythmicos
1015 2964 1136 3007 solos
1176 2964 1410 3020 pertinere
1443 2967 1705 3020 temporum
1738 2964 2032 3007 dinumerare
2071 2963 2333 3016 intervalla,

147 3024 306 3066 tamen
330 3022 442 3078 quia
474 3023 641 3066 titulus
674 3023 904 3079 propositi
936 3026 1185 3078 utramque
1216 3022 1402 3080 flagitat
1434 3023 1764 3080 cognitionem,
1797 3036 1855 3066 ne
1881 3023 1995 3078 quid
2021 3023 2146 3078 quod
2178 3023 2237 3066 ad
2263 3022 2330 3065 di-

150 3082 342 3126 scendos
376 3084 594 3127 accentus
626 3083 832 3141 pertinet
864 3083 1023 3126 deesse
1048 3083 1277 3138 videatur,
1312 3084 1368 3127 de
1392 3083 1522 3127 verbi
1553 3082 1848 3140 longitudine
1881 3082 2130 3125 dicendum
2163 3085 2247 3137 est,
2280 3095 2335 3124 ea

149 3140 248 3185 sola
280 3141 578 3197 adtingentes
611 3155 731 3210 (11138
765 3142 895 3199 operi
925 3142 1188 3187 necessaria
1221 3142 1516 3187 videbuntur.
1568 3142 1851 3199 longitudo.
1917 3142 2132 3185 finiunt
2182 3155 2333 3197 neque

148 3201 270 3244 enim
302 3200 445 3245 refert
475 3203 661 3257 tempus
693 3201 743 3244 in
775 3201 957 3257 syllaba
990 3215 1089 3245 8888
1123 3216 1182 3245 30
1214 3202 1264 3244 10
1295 3203 1506 3258 tempore
1538 3201 1769 3258 syllabam
1795 3177 2019 3256 (1183111118,
2052 3202 2162 3244 (11110
2194 3201 2332 3244 modo

149 3259 359 3304 discendi
403 3274 543 3304 causa
588 3274 855 3304 concessum
900 3263 971 3305 est
1013 3275 1117 3305 eam
1160 3275 1336 3305 moram
1371 3275 1464 3317 qua
1506 3261 1660 3305 brevis
1692 3260 1875 3317 syllaba
1907 3260 2080 3304 dicitur
2110 3275 2254 3303 unum
2287 3262 2334 3303 et

146 3318 471 3363 brevissimum
495 3322 681 3376 tempus
707 3333 882 3364 vocare.
925 3334 1018 3376 qua
1042 3334 1147 3364 vero
1173 3320 1315 3377 longa
1338 3321 1588 3377 profertur,
1613 3321 1705 3364 duo
1729 3322 1943 3377 tempora
1967 3320 2204 3377 appellare
2228 3320 2333 3376 ipsa

148 3378 275 3436 cogit
312 3381 481 3422 natura
520 3393 624 3422 cum
663 3379 910 3435 loquimur
974 3379 1159 3424 brevem
1199 3377 1502 3438 μονόχρονον,
1540 3380 1733 3438 longam
1765 3378 1984 3436 δίχρονον
2018 3379 2330 3435 appellamus:

147 3437 238 3540 11110
271 3438 396 3482 80110
426 3438 569 3540 langa
593 3438 777 3494 syllaba
801 3439 946 3483 habet
968 3440 1181 3495 tempora
1204 3439 1452 3495 positionis
1477 3441 1525 3484 et
1547 3441 1758 3493 naturae,
1791 3438 1943 3482 brevis
1968 3441 2164 3482 naturae
2188 3437 2333 3481 habet

171 3499 333 3541 autum
364 3511 440 3541 mo
477 3499 521 3553 ο)

297 3620 320 3659 1
349 3578 496 3660 lector
518 3618 586 3662 vel
616 3616 764 3660 lectus
797 3618 810 3674 ΙΙ
842 3622 867 3659 2
901 3619 1000 3661 tam
1031 3617 1122 3662 etsi
1147 3600 1354 3674 (tametsi
1372 3617 1497 3675 Keil)
1526 3618 1533 3673 Ι
1559 3617 1758 3661 rhodum
1783 3618 1851 3661 vel
1872 3617 2038 3660 rodum
2066 3617 2070 3671 Ι
2098 3615 2331 3658 rethorem

147 3675 214 3719 vel
243 3675 476 3719 rhetorem
517 3677 532 3733 l}
574 3681 600 3719 3
632 3677 719 3721 secl
750 3677 815 3720 ed.
844 3677 979 3721 de.
1019 3677 1033 3733 ΙΙ
1074 3681 1099 3720 5
1132 3677 1204 3722 del
1242 3676 1308 3721 ed.
1345 3676 1478 3722 Vind.
1524 3677 1538 3733 ΙΙ
1582 3681 1606 3719 6
1641 3675 1862 3732 quoniam
1892 3674 2077 3731 proprie
2118 3674 2232 3717 haec
2263 3674 2332 3718 vel

146 3733 333 3790 probris
365 3734 497 3792 (haec
527 3735 718 3792 propria
742 3735 852 3780 Keil
882 3749 916 3780 c.
943 3737 1021 3792 al.)
1053 3737 1067 3792 ΙΙ
1100 3740 1125 3779 9
1159 3737 1399 3792 spectatur
1428 3735 1496 3780 vel
1527 3736 1710 3792 spectat
1737 3737 1743 3792 Ι
1778 3734 1969 3791 fastigio
2002 3734 2070 3778 vel
2099 3732 2294 3790 fastigia
2317 3734 2330 3790 ΙΙ

150 3796 202 3835 11
237 3794 352 3849 quot
381 3795 450 3838 vel
479 3794 605 3850 quod
646 3796 660 3852 ΙΙ
701 3799 754 3838 12
786 3794 976 3851 putauit
1006 3796 1073 3839 vel
1102 3796 1275 3851 putant
