2600 4198
973 157 1153 201 LIBER
1183 156 1226 200 V
1259 159 1491 201 176—183
2252 158 2323 208 55

141 314 316 366 sacro3
364 295 532 365 qui[s]
574 294 791 364 petebat
830 297 882 346 et
922 293 1015 362 qui
1054 292 1401 361 infitiabatur,
1450 291 1513 344 de
1553 292 1672 344 aliis
1711 292 1869 345 rebus
1910 295 2137 361 uterque
2178 294 2328 361 quin-

142 404 308 456 genos
349 385 484 438 aeris
523 384 589 436 ad
620 386 839 452 pontem
872 381 1224 450 deponebant,
1263 380 1328 434 de
1360 380 1478 433 aliis
1510 380 1668 433 rebus
1701 381 1830 434 item
1871 384 2014 434 certo
2055 380 2161 433 alio
2199 383 2329 452 legi—

140 475 274 528 timo
313 491 535 526 numero
577 491 776 541 assum3
828 472 922 540 qui
960 470 1160 524 iudicio
1201 471 1422 538 vicerat,
1478 488 1633 522 suum
1675 474 2063 523 sacramentum
2110 489 2137 523 e
2179 488 2328 523 sacro

143 563 440 631 auferebat,
491 561 619 615 victi
671 561 738 612 ad
788 561 1051 613 aerarium
1102 559 1324 611 redibat.
1410 560 1676 611 tributum
1732 559 1931 612 dictum
1987 579 2016 611 a
2066 560 2330 628 tribubuS,
2366 579 2445 617 181

97 672 117 703 5
145 651 289 720 quod
328 668 389 702 ea
427 649 666 719 pecunia,
708 667 842 718 quae
882 648 1082 717 populo
1123 648 1387 717 imperata
1427 651 1555 715 erat,
1601 648 1849 701 tributim
1889 667 1918 699 a
1959 647 2186 717 singulis
2234 667 2331 716 pro

143 739 393 808 portione
433 756 622 792 census
664 737 1079 808 exigeba[n]tur.
1159 737 1223 788 ab
1264 737 1369 790 hoc
1417 755 1477 789 ea
1526 755 1660 805 quae
1708 737 1981 807 assignata
2028 741 2139 789 erat
2186 738 2334 788 attri-

144 829 335 881 butum
376 827 599 897 dictum3
647 828 712 879 ab
753 845 814 879 eo
856 845 1069 895 quoque
1109 826 1304 895 quibus
1345 825 1605 878 attributa
1644 829 1756 878 erat
1795 826 2036 894 pecunia,
2076 829 2136 877 ut
2174 825 2335 878 militi

143 918 390 986 reddant,
441 917 646 969 tribuni
684 917 874 969 aerarii
914 916 1065 986 dicti3
1117 916 1171 968 id
1211 916 1354 984 quod
1395 916 1715 968 attributum
1756 919 1891 983 erat,
1946 934 2033 967 aes
2082 915 2336 984 militare,

144 1007 247 1059 hoc
287 1010 368 1060 est
408 1007 552 1076 quod
592 1007 667 1058 ait
705 1005 929 1059 Plautus
971 1006 1118 1075 (Aul.
1144 1006 1298 1072 526);
1349 1005 1508 1058 ‘cedit
1547 1005 1718 1070 mileS,
1758 1023 1845 1057 aes
1885 1005 2055 1074 petit'.
2120 1007 2171 1055 et
2212 1004 2336 1056 hinc

78 1118 121 1148 10
148 1097 400 1149 dicuntur
439 1094 639 1147 milites
682 1095 871 1147 aerarii
913 1096 977 1147 ab
1019 1113 1153 1165 aere,
1201 1095 1345 1163 quod
1385 1094 1651 1163 stipendia
1689 1095 1937 1147 facerent.
2016 1094 2119 1146 hoc
2159 1094 2336 1162 ipsum
2373 1114 2453 1152 182

147 1185 471 1254 stipendium
521 1203 551 1235 a
599 1184 738 1252 stipe
786 1184 1011 1251 dictum,
1068 1184 1212 1251 quod
1260 1202 1346 1235 aes
1395 1202 1608 1252 quoque
1657 1183 1851 1252 stipem
1892 1183 2158 1235 dicebant:
2213 1201 2337 1234 nam

149 1274 292 1344 quod
332 1291 474 1326 asses
516 1272 681 1325 libras
714 1274 894 1342 pondo
929 1275 1094 1341 erant,
1135 1273 1227 1341 qui
1260 1276 1574 1340 acceperant
1613 1273 1868 1325 maiorem
1909 1291 2191 1324 numerum
2231 1290 2340 1325 non

147 1364 205 1416 in
244 1381 364 1416 arca
402 1363 689 1431 ponebant,
737 1362 827 1414 sed
873 1362 930 1414 in
974 1363 1153 1430 aliqua
1193 1365 1326 1415 cella
1374 1363 1669 1430 stipabant,
1720 1363 1775 1414 id
1814 1366 1894 1414 est
1934 1363 2341 1430 componebant,

151 1471 257 1522 quo
299 1453 477 1504 minus
517 1451 623 1504 loci
665 1454 970 1521 occuparet,
1011 1451 1075 1503 ab
1110 1450 1357 1519 stipando
1393 1452 1589 1519 stipem
1622 1451 1794 1502 dicere
1836 1454 2141 1519 coeperunt.
2206 1451 2341 1519 stips

83 1563 123 1595 15
153 1542 220 1593 ab
262 1542 452 1609 στοιβή
492 1541 732 1609 fortasse,
772 1558 963 1611 graeco
997 1541 1174 1592 verbo.
1238 1540 1291 1592 id
1333 1544 1568 1610 apparet,
1609 1541 1753 1608 quod
1784 1544 1844 1591 ut
1877 1544 1991 1592 tum
2034 1540 2342 1592 institutum

151 1632 313 1683 etiam
354 1648 496 1682 nunc
537 1630 637 1682 diis
686 1648 806 1682 cum
846 1630 1112 1682 thesauris
1154 1648 1296 1682 asses
1347 1630 1475 1681 dant
1524 1631 1717 1697 stipem
1758 1629 1966 1697 dicunt,
2018 1633 2070 1680 et
2119 1629 2209 1697 qui
2258 1649 2344 1698 pe-

151 1720 361 1772 cuniam
403 1720 615 1788 alligat,
668 1718 916 1787 stipulari
965 1722 1017 1770 et
1064 1719 1383 1786 restipulari.
1462 1718 1652 1770 militis
1702 1718 1966 1786 stipendia
2007 1719 2149 1786 ideo,
2202 1718 2343 1786 quod

154 1828 268 1861 eam
322 1808 515 1878 stipem
568 1808 893 1877 pendebant3
945 1808 1010 1859 ab
1064 1825 1125 1860 eo
1176 1807 1338 1858 etiam
1379 1807 1590 1859 Ennius
1639 1806 1827 1859 scribit
1867 1807 2032 1875 (Amr.
2068 1809 2175 1860 265
2218 1806 2345 1875 V.²'):

155 1897 341 1950 ‘Poeni
375 1897 642 1965 stipendia
673 1897 949 1965 pendunt'.
1012 1898 1077 1949 ab
1114 1897 1299 1949 eodem
1335 1915 1453 1948 aere
1495 1897 1772 1965 pendendo
1815 1896 2166 1964 dispensator,
2207 1899 2259 1947 et
2292 1897 2348 1948 in
2383 1915 2464 1953 183

85 2008 127 2040 20
152 1987 350 2039 tabulis
399 1986 683 2039 scribimus
733 2005 1023 2055 expensum
1074 1989 1127 2038 et
1168 1985 1270 2055 [in]
1320 1985 1494 2054 prima
1539 1987 1726 2054 pensio
1776 1989 1829 2037 et
1871 1986 1946 2037 sic
1987 1986 2216 2038 secunda
2257 1989 2347 2037 aut

155 2094 289 2145 quae
330 2077 448 2144 alia,
490 2079 543 2128 et
583 2075 936 2144 dispendium,
976 2075 1095 2127 ideo
1137 2074 1281 2144 quod
1321 2075 1378 2127 in
1412 2074 1774 2144 dispendendo
1817 2074 1955 2126 solet
1994 2076 2169 2127 minus
2209 2075 2349 2144 fieri,

301 2228 328 2265 4
345 2237 435 2279 sqq.
459 2223 526 2277 Cf.
546 2223 607 2266 ad
624 2237 672 2278 1).
694 2226 768 2276 18,
788 2226 856 2266 12.
884 2226 960 2276 26,
978 2226 1032 2276 4,·
1058 2223 1161 2266 Liv.
1181 2224 1215 2265 I
1232 2226 1304 2276 43,
1325 2227 1381 2266 14
1410 2223 1583 2278 (partes
1611 2236 1688 2265 eas
1714 2221 1862 2264 tribus
1890 2221 2159 2277 appellavit,
2186 2223 2238 2264 ut
2263 2235 2348 2278 ego

155 2284 284 2338 puto,
318 2297 344 2325 a
377 2282 576 2335 tribut03
610 2297 720 2325 nam
753 2282 850 2325 eius
885 2295 1069 2338 quoque
1103 2281 1364 2337 aequaliter
1398 2296 1452 2324 ex
1485 2296 1626 2324 censu
1659 2280 1929 2324 conferendi
1955 2281 2013 2323 ab
2041 2282 2205 2323 eodem
2230 2281 2350 2323 inita

154 2341 274 2385 ratio
307 2343 393 2398 est)
404 2360 419 2396 ,·
452 2341 574 2385 Serv.
608 2344 658 2385 in
682 2343 798 2386 Aen.
828 2343 870 2385 V
889 2346 979 2385 560
1012 2342 1095 2399 (sic
1129 2344 1285 2384 autem
1317 2341 1367 2384 in
1399 2343 1493 2384 tres
1526 2342 1683 2396 partes
1718 2341 1918 2383 divisum
1950 2341 2092 2383 fuisse
2125 2340 2351 2396 populum

155 2402 355 2456 constat,
387 2403 441 2444 ut
473 2401 617 2445 etiam
651 2401 731 2457 qui
762 2402 1011 2457 praeerant
1043 2401 1240 2458 singulis
1274 2401 1487 2457 partibus
1520 2400 1698 2443 tribuni
1732 2400 2017 2444 dicerentur:
2052 2401 2173 2442 unde
2209 2401 2352 2443 etiam

156 2463 369 2516 sumptus
403 2475 517 2516 quos
551 2460 729 2504 dabant
772 2461 945 2517 populo
989 2461 1167 2504 tributa
1199 2461 1515 2517 nominarunt)
1529 2478 1544 2514 ,·
1588 2462 1711 2504 Phoc.
1748 2461 1877 2504 Rom.
1911 2463 1972 2503 20
2017 2458 2220 2517 (τρίβους
2263 2459 2351 2515 γὰρ

158 2519 224 2564 ἔτι
257 2527 344 2564 νῦν
374 2519 458 2570 τὰς
490 2519 642 2575 φυλὰς
673 2524 866 2564 καλοῦσι
897 2521 978 2564 καὶ
1008 2520 1284 2578 τριβούνους
1314 2521 1424 2570 τοὺς
1456 2519 1766 2577 φυλάρχους),·
1798 2521 1993 2577 Dionys.
2022 2521 2133 2563 Hal.
2163 2520 2244 2563 IV
2272 2523 2353 2572 14,-

158 2580 271 2623 Isid.
301 2580 435 2623 XVI
453 2584 523 2633 18,
543 2583 570 2623 7
603 2581 745 2636 (quod.
778 2582 916 2622 antea
941 2594 1024 2635 per
1047 2580 1196 2623 tribus
1223 2579 1432 2636 singulas
1458 2579 1780 2635 exigebantur)
1793 2597 1809 2633 ,·
1847 2579 1941 2623 Τίν’.
1968 2593 2002 2622 8.
2028 2594 2066 2623 v.
2101 2581 2113 2634 ΙΙ
2148 2583 2172 2621 8
2190 2594 2251 2634 sq.
2283 2578 2350 2633 Cf.

157 2639 279 2683 Fest.
299 2640 443 2682 Pauli
464 2642 508 2692 2,
529 2643 557 2682 6
582 2639 749 2695 (661611
780 2639 959 2682 tribuni
992 2654 1018 2681 a
1043 2639 1292 2682 tribuendo
1318 2653 1423 2682 aere
1450 2641 1558 2682 sunt
1582 2638 1855 2695 appellati),·
1887 2640 2011 2682 le.
2033 2638 2268 2682 XXXIV
2288 2643 2313 2681 1
2345 2639 2348 2695 1

161 2699 229 2753 Of.
258 2699 369 2742 Cato
404 2700 558 2751 (immo
587 2700 751 2755 Varro)
786 2701 956 2755 epistol.
984 2704 1151 2754 quaest.
1180 2701 1215 2742 I
1239 2700 1366 2754 apud
1394 2699 1591 2742 Gellium
1620 2700 1693 2742 VI
1718 2703 1790 2751 10,
1807 2701 1838 2740 2
1872 2700 1966 2753 (666
1999 2697 2203 2740 1111111616
2230 2698 2354 2753 quod

159 2771 237 2801 aes
271 2772 298 2800 a
330 2757 518 2801 tribuno
552 2758 731 2801 aerario
764 2759 897 2801 miles
932 2758 1141 2813 accipere
1177 2757 1394 2814 debebat)
1429 2760 1441 2814 Η
1477 2762 1530 2801 10
1548 2772 1639 2813 sqq.
1669 2758 1737 2811 Of.
1768 2757 1874 2800 Gai.
1901 2758 1983 2801 IV
1999 2760 2061 2800 27
2093 2757 2355 2814 (dicebatur

158 2820 316 2861 autem
349 2830 404 2861 ea
435 2818 636 2873 pecunia
669 2831 789 2873 61166
824 2817 1049 2874 stipendii
1081 2818 1269 2861 nomine
1303 2818 1504 2860 dabatur
1530 2831 1607 2860 aes
1640 2816 1890 2872 militare),·
1924 2818 2069 2860 Varro
2096 2816 2137 2859 d.
2163 2831 2202 2860 v.
2224 2832 2270 2872 2).
2294 2818 2352 2861 R.

160 2878 223 2921 II
259 2878 387 2932 apud
425 2878 549 2921 Non.
585 2881 688 2931 532,
717 2881 745 2921 5
786 2878 1091 2934 (stipendium
1131 2877 1461 2933 appellabatur
1506 2877 1629 2932 quod
1673 2891 1750 2919 aes
1795 2875 1936 2919 militi
1979 2878 2231 2919 semenstre
2274 2878 2354 2918 aut

159 2950 365 2979 annuum
398 2936 641 2994 dabatur);
672 2938 781 2995 Diq.
809 2938 852 2981 L
885 2942 956 2991 16,
974 2940 1036 2980 27
1065 2937 1069 2994 Ι
1102 2937 1169 2991 Cf.
1204 2938 1325 2981 Fest.
1358 2940 1487 2990 2972,
1514 2940 1541 2979 3
1575 2936 1762 2992 (stipem
1795 2949 1894 2980 esse
1925 2950 2167 2978 nummum
2201 2936 2355 2993 signa-

158 2997 261 3038 tum
302 2995 570 3040 testimonio
615 2998 686 3039 est
730 3000 776 3039 et
819 2997 876 3039 de
921 3011 973 3040 eo
1019 3010 1136 3052 quae
1183 2996 1320 3039 datur
1353 2996 1640 3052 stipendium
1679 2995 1822 3038 militi
1867 2997 1914 3038 et
1956 3009 2059 3038 cum
2102 2996 2357 3051 spondetur

159 3055 359 3110 pecunia
391 3056 515 3111 quod.
548 3056 767 3112 stipulari
800 3055 1001 3111 dicitur).
1037 3056 1240 3110 3131317
1250 3074 1266 3110 ,·
1298 3057 1418 3101 Fest.
1446 3057 1590 3100 Pauli
1616 3059 1718 3109 108,
1737 3059 1795 3099 16
1804 3073 1820 3109 ,·
1851 3056 1962 3113 Diy.
1982 3056 2024 3097 L
2043 3058 2218 3109 16,27,·
2256 3055 2355 3099 GL.

162 3115 197 3158 I
220 3118 325 3168 109,
356 3119 417 3159 27
449 3115 515 3171 (111
547 3115 668 3159 66116
702 3115 1045 3172 significatione
1080 3117 1287 3171 correpte
1322 3115 1440 3171 stips
1474 3115 1689 3172 dicitur);
1728 3115 1823 3159 TG.
1857 3129 1890 3158 8.
1924 3129 1962 3157 v.
2005 3117 2017 3171 Η
2062 3120 2115 3158 14
2150 3114 2217 3169 Of.
2258 3115 2297 3157 Τ
2300 3115 2353 3159 G.

160 3187 194 3218 3.
222 3173 344 3229 stipo
377 3176 390 3231 ΙΙ
426 3179 477 3218 17
495 3189 557 3230 69,
588 3176 656 3229 Of.
674 3176 789 3219 Isid.
811 3176 944 3220 XVI
962 3179 1083 3229 18,8
1116 3175 1422 3232 (stipendium
1455 3190 1482 3217 a
1516 3175 1638 3230 stipe
1670 3175 1936 3230 pendenda)
1948 3191 1963 3228 ;
1994 3190 2032 3218 υ.
2061 3175 2122 3218 ad
2146 3178 2205 3218 10
2220 3188 2308 3230 sqq.
2344 3175 2357 3229 11

165 3236 218 3275 19
236 3246 327 3289 sqq.
365 3233 432 3287 Cf.
467 3235 588 3278 Fest.
623 3236 769 3279 Pauli
802 3238 921 3289 72,9
963 3234 1325 3292 (dispensatores
1360 3234 1477 3278 dicti
1510 3234 1589 3289 qui
1630 3248 1708 3277 aes
1747 3235 1997 3289 pensantes
2031 3233 2358 3289 expendebant

166 3326 174 3336 .
203 3326 212 3335 .
241 3326 249 3335 .
283 3292 393 3337 hinc
426 3293 720 3338 deducuntur
752 3307 955 3350 expensa
990 3329 998 3338 .
1027 3329 1035 3338 .
1064 3328 1073 3338 .
1107 3294 1222 3337 item
1255 3294 1596 3350 compendium,
1630 3293 1944 3350 dispendium)
1978 3298 2020 3337 et
2049 3297 2156 3346 208,
2175 3298 2203 3337 4
2236 3295 2357 3349 (6616

163 3351 295 3407 gravi
329 3386 337 3395 .
372 3386 381 3395 .
418 3387 427 3396 .
461 3365 606 3408 penso
641 3387 650 3397 .
686 3387 694 3397 .
732 3388 739 3396 .
775 3354 986 3397 debitum
1030 3353 1294 3408 solvebant,
1339 3353 1462 3397 unde
1508 3353 1652 3396 etiam
1694 3353 1942 3408 pensiones
1989 3353 2186 3406 dictae);
2232 3354 2355 3396 Pliny.

167 3411 415 3455 XXXIII
438 3415 498 3455 42
514 3427 576 3468 sq.
622 3413 997 3469 (adpendebatur
1028 3413 1144 3457 assis
1179 3447 1187 3456 .
1216 3448 1225 3456 .
1254 3448 1262 3456 .
1298 3415 1344 3456 et
1375 3413 1529 3456 adhuc
1573 3426 1775 3468 expensa
1807 3412 1856 3454 in
1899 3412 2161 3455 rationibus
2196 3411 2356 3454 dicun—

167 3471 254 3526 tur,
287 3470 403 3514 item
434 3471 675 3527 impendia
709 3473 756 3516 et
789 3508 796 3515 .
827 3508 835 3516 .
864 3507 872 3516 .
908 3473 1271 3530 dispensatores)
1283 3490 1299 3527 ,·
1335 3472 1440 3517 Gai.
1468 3474 1502 3516 I
1522 3475 1637 3526 122,·
1669 3472 1783 3516 Isid.
1811 3472 1862 3514 X
1886 3475 1957 3515 67.
1998 3473 2131 3515 XVI
2147 3474 2222 3524 25,
2241 3474 2269 3514 3

317 3609 340 3648 1
374 3605 673 3649 inficiabatur
708 3607 714 3656 Ι
748 3605 934 3662 utrique
968 3606 1098 3660 Laet,
1131 3600 1253 3663 (FV)¹
1279 3607 1293 3663 ΙΙ
1334 3610 1358 3648 2
1392 3605 1738 3665 pont<ific>em
1770 3605 1878 3662 Auq
1916 3606 1929 3661 ΙΙ
1970 3610 1994 3647 6
2029 3605 2100 3649 del
2131 3605 2227 3649 Αἶά
2258 3618 2359 3649 eum

167 3664 257 3718 F',
289 3669 343 3730 ug
370 3665 450 3708 vid
488 3666 501 3722 ΙΙ
544 3668 598 3709 10
633 3670 737 3710 ante
777 3665 865 3709 hoc
897 3666 988 3710 dist
1022 3667 1135 3710 Mue
1174 3667 1187 3722 ΙΙ
1229 3670 1282 3709 12
1315 3665 1464 3709 librae
1498 3666 1617 3709 Laet
1650 3664 1727 3719 (ef.
1753 3678 1803 3720 p.
1831 3667 1903 3717 52,
1922 3667 1968 3719 5)
2010 3665 2023 3720 ΙΙ
2066 3668 2119 3707 14
2136 3678 2198 3720 sq.
2235 3663 2359 3720 stipa

168 3721 228 3766 ab
262 3738 421 3768 sroene
463 3724 476 3781 ΙΙ
522 3729 575 3768 17
609 3723 804 3769 milites:
851 3738 952 3770 corr
982 3724 1116 3781 Sciop
1155 3726 1161 3781 Ι
1198 3724 1441 3780 stipendii:
1483 3738 1585 3769 corr
1616 3723 1776 3779 Seiop;
1819 3722 2190 3782 stipend<iar>ii
2232 3725 2357 3779 (serv.

170 3781 363 3840 milites)
394 3797 421 3827 v
451 3784 464 3839 ΙΙ
497 3787 552 3827 20
586 3783 657 3828 del
689 3784 831 3839 Laet,·
862 3798 948 3828 an.-
977 3783 1089 3827 item
1125 3785 1231 3841 (pro
1264 3785 1314 3828 et
1342 3782 1409 3839 in)
1427 3782 1451 3826 ‚9
