2600 4198
956 152 1429 198 ADNOTATIONES
2174 152 2282 205 255

106 298 382 348 Bekkerum
406 298 531 353 232,
548 298 607 344 2.·
640 293 762 344 ὅθεν
785 292 868 343 καὶ
892 292 1095 360 γεράνια
1125 292 1182 342 τὰ
1214 290 1395 356 ἄλφιτα
1422 296 1694 342 καλεῖσθαι.
1732 294 1856 341 Mox
1877 292 2036 342 Oanal
2059 293 2289 341 horreum

105 380 168 429 ab
199 379 398 439 hordeo,
430 378 665 425 hordeum
698 376 759 424 ab
790 376 992 425 horrido
1014 377 1283 436 proposuit.

255 462 339 522 33,
367 461 449 508 14.
502 474 618 506 nam
649 457 719 504 ibi
754 456 925 521 μελίνη
959 458 1031 504 vel
1061 473 1177 505 nam
1209 456 1248 504 ii
1281 455 1482 520 μελίνην
1514 457 1746 504 Heidriele
1779 454 1915 504 Stucl.
1952 455 2151 504 Vinclob.
2189 455 2290 504 XV

105 542 172 603 (a.
210 540 375 601 1893)
398 556 451 601 p.
487 542 596 588 306
611 554 677 599 sq.

254 631 338 691 33,
365 630 448 677 20.
488 627 677 692 globuli
701 627 902 684 LaetuS,
935 628 1089 690 glomi
1123 626 1354 687 Georyes:
1384 629 1445 687 cf.
1471 628 1594 675 Mue
1625 628 1691 675 ad
1714 627 1843 675 Fest.
1868 642 1920 687 p.
1952 629 2035 682 98,
2054 628 2084 673 4
2113 629 2156 674 et
2177 627 2291 674 Keil

104 714 169 761 ad
203 711 306 761 Oat.
339 712 384 758 d.
417 725 518 771 αρν.
553 709 708 756 LXX
721 709 898 757 VIIII
914 725 968 770 p.
998 710 1118 756 109.

254 794 338 854 33,
366 794 448 839 21.
490 792 688 839 exuitur
720 805 828 837 cum
851 791 974 837 Mue
1003 789 1066 837 A.
1091 789 1199 849 Sp..·
1228 790 1312 836 secl
1342 790 1602 836 rectissime
1637 789 1796 836 Canal
1828 789 2079 837 adnotavit
2111 790 2288 836 Varro-

102 890 212 924 nem
241 875 398 923 vider-i
440 875 605 921 crusta
637 873 808 919 (lucere
839 887 871 920 a
903 872 1036 919 corio
1067 873 1181 918 usto
1226 870 1308 929 (cf.
1341 870 1472 918 Serv.
1505 872 1558 918 in
1590 869 1710 918 Aen.
1748 871 1794 918 V
1825 872 1917 917 69:
1960 872 2043 929 qui
2085 872 2290 917 crudum

105 954 180 1005 ‘ex
210 958 336 1005 corio
368 950 565 1003 durum'
599 952 840 1014 explicat).

254 1046 338 1104 33,
365 1046 447 1091 24.
488 1043 661 1091 debuit
690 1043 791 1090 scil.
809 1042 1041 1089 Plautus.-
1071 1056 1210 1100 quem
1240 1041 1547 1103 pulmentum
1582 1043 1794 1100 formam
1819 1041 1984 1088 debere
2008 1042 2290 1099 pastoribus

107 1128 298 1188 exponit
339 1126 509 1174 Varro,

255 1209 339 1267 34,
367 1209 413 1255 9.
454 1205 726 1254 assudescit
767 1209 822 1253 ut
854 1221 947 1266 per
978 1220 1028 1253 se
1058 1207 1378 1253 sanissimum
1411 1219 1509 1253 esse
1541 1205 1729 1252 videtur
1770 1197 1851 1270 (cf.
1887 1207 1936 1252 et
1967 1203 2077 1251 ideo
2111 1203 2288 1251 sudan-

104 1291 222 1339 dum
244 1306 286 1338 v.
317 1283 408 1355 10)
433 1290 504 1336 ita
536 1288 768 1349 quomodo
793 1289 1040 1336 cohaereat
1072 1302 1180 1334 cum
1212 1288 1279 1335 eis
1303 1302 1425 1346 quac
1447 1290 1675 1334 secuntur
1700 1301 1839 1346 aeyre
1864 1286 2027 1344 dicas,·
2057 1286 2141 1333 ubi
2166 1285 2290 1332 suci-

105 1373 222 1420 dum
251 1385 340 1432 pro
373 1370 579 1418 uvidum
611 1370 737 1429 quod
770 1371 1028 1429 proposuit
1059 1367 1120 1416 A.
1145 1369 1227 1428 Sp.
1261 1382 1346 1415 nec
1377 1368 1588 1428 quadrat
1633 1371 1673 1414 et
1703 1383 1807 1415 una
1840 1382 1947 1414 cum
1990 1368 2134 1414 leuius
2178 1368 2292 1414 libri

107 1452 139 1516 ἕ
170 1455 239 1502 24
271 1454 461 1515 9Ζοεεα6
492 1451 790 1507 dissuadent,
823 1452 997 1510 quibus
1029 1450 1230 1499 uvidum
1268 1465 1361 1510 per
1392 1449 1648 1497 humidum
1682 1449 1961 1509 explicatur.
2015 1448 2292 1496 assudescit

104 1535 157 1582 id
190 1537 264 1582 est
296 1533 486 1582 uvescit
518 1533 644 1592 quod
682 1534 735 1580 in
768 1536 1013 1593 apparatu
1036 1534 1383 1592 proposuimus
1415 1533 1673 1579 sententiae
1706 1532 2107 1579 accommodatius
2140 1531 2291 1590 (uncle

106 1618 252 1664 simul
285 1616 553 1675 explicatur
586 1615 824 1662 assuescit
856 1618 964 1663 ante
997 1614 1141 1675 corr).

258 1707 342 1765 34,
371 1706 452 1752 16.
512 1705 589 1752 De
628 1705 784 1752 sueris
823 1704 1118 1752 nominativo
1162 1704 1219 1763 cf.
1246 1703 1471 1752 Heraeus
1495 1701 1641 1751 Arcti.
1672 1703 1808 1750 XIV
1821 1718 1873 1762 p.
1904 1704 2008 1750 124
2026 1717 2092 1762 sq.
2120 1730 2191 1735 —
2217 1703 2294 1749 De

110 1787 285 1835 insicia
317 1787 376 1845 cf.
402 1786 669 1833 Bluemner
702 1782 825 1833 ‘Der
856 1781 1250 1845 Maximaltarif'
1276 1800 1329 1845 p.
1359 1787 1392 1832 7
1398 1785 1442 1832 5.

258 1868 342 1928 35,
369 1869 414 1915 3.
455 1867 553 1915 Pro
585 1868 637 1914 in
671 1883 726 1914 co
761 1867 891 1928 quod
923 1868 1053 1914 Ellis
1085 1868 1114 1915 l.
1147 1881 1184 1915 s.
1217 1882 1253 1914 s.
1279 1883 1330 1926 p.
1367 1867 1477 1914 356
1493 1881 1560 1926 sq.
1594 1866 1705 1914 idco
1740 1866 1831 1925 (sic
1863 1868 2006 1914 etiam
2042 1865 2199 1915 Oanal
2242 1867 2295 1913 in

114 1949 253 2011 adn.)
289 1949 420 2011 quod
451 1944 620 2013 <est>:
652 1964 744 2009 quo
776 1952 936 1996 tamen
969 1963 1130 1997 carere
1157 1963 1429 2009 possumus.

261 2032 345 2093 35,
374 2033 455 2079 11.
496 2031 758 2078 Lacunam
790 2045 899 2078 cum
930 2032 1052 2078 Illuc
1085 2030 1153 2090 (et
1181 2030 1315 2089 Scal)
1351 2045 1611 2091 aquescens
1641 2030 1721 2090 Sp.
1748 2031 1910 2090 praef.
1937 2045 1987 2089 p.
2023 2030 2180 2076 XXX
2194 2030 2304 2075 VII

112 2115 225 2162 acln.
260 2114 455 2162 coniecit
485 2114 611 2161 cibos
644 2128 699 2161 ex
730 2127 815 2159 ovo
848 2113 1080 2173 bulboque
1110 2115 1263 2173 factos
1296 2126 1687 2160 commemorasse
1721 2113 2000 2159 Varronem.

262 2196 347 2256 35,
376 2196 456 2242 16.
498 2195 835 2243 vclumcntum
861 2194 991 2242 Ellis
1022 2195 1051 2242 l.
1085 2210 1121 2242 s.
1155 2209 1191 2242 s.
1216 2210 1269 2254 p.
1291 2195 1399 2242 357
1417 2194 1540 2254 (coll.
1559 2195 1811 2242 Hermath.
1839 2209 1883 2241 a.
1913 2195 2056 2241 1899
2079 2192 2299 2254 31290).

264 2278 348 2338 35,
376 2278 458 2325 20.
499 2277 845 2338 panuvollium
861 2275 923 2325 A.
941 2275 1050 2336 Sp.:
1074 2278 1200 2336 quod
1226 2292 1312 2324 cur
1335 2279 1387 2325 in
1412 2277 1758 2338 panuvellium
1784 2277 2034 2323 transierit
2064 2289 2302 2335 apparere

113 2362 236 2407 reete
266 2362 409 2419 neyat
439 2358 657 2406 Solmsen
690 2353 845 2407 ‘Stucl
877 2373 916 2407 e.
951 2359 1031 2405 lat.
1063 2354 1368 2418 Lautyescle?
1394 2373 1446 2417 p.
1478 2361 1559 2406 16.

265 2441 350 2500 35,
377 2441 461 2487 21.
513 2441 649 2487 tuica
685 2439 856 2488 Oanal.
889 2440 1080 2488 intuica
1110 2441 1184 2488 vel
1226 2441 1415 2487 tuinica
1447 2440 1579 2487 Ellis
1611 2441 1640 2487 l.
1673 2455 1709 2487 s.
1745 2455 1809 2495 s.‚·
1853 2441 1979 2498 quocl
2022 2441 2080 2486 ut
2124 2438 2304 2486 induce.

116 2523 176 2570 ab
216 2522 461 2570 induendo
492 2523 644 2569 voluit
674 2522 813 2578 Laet,
847 2522 1125 2570 addendum
1158 2525 1276 2570 esset
1309 2519 1501 2570 ‘omisso
1535 2523 1683 2569 altero
1715 2516 1919 2569 tunica'.
1972 2519 2124 2581 Apud
2155 2521 2304 2568 Plau-

117 2608 218 2652 tum
251 2604 346 2664 Ep.
381 2605 491 2651 223
522 2604 749 2651 tunicula
779 2605 984 2663 inrepsit
1013 2607 1068 2651 ut
1094 2604 1333 2665 ylossema
1367 2597 1614 2669 (tunicula
1646 2597 1990 2669 ind<uc>ula).

269 2693 353 2754 36,
383 2694 426 2739 7.
461 2694 517 2740 ut
548 2692 626 2739 far
657 2692 816 2754 pilum
851 2696 890 2740 ct
923 2693 1094 2741 feriret
1123 2695 1243 2741 mire
1274 2694 1485 2755 Koechly
1520 2692 1688 2753 Opusc.
1724 2693 1795 2738 II
1810 2708 1863 2752 p.
1900 2694 2006 2739 344
2041 2692 2153 2739 adn.

271 2775 355 2835 36,
382 2775 428 2821 8.
474 2773 546 2833 Of.
584 2774 863 2822 Wilmanns
886 2790 939 2834 p.
977 2776 1083 2822 130
1099 2789 1166 2835 sq.

271 2857 356 2917 36,
384 2858 465 2904 10.
517 2856 711 2903 Mirum
743 2856 966 2904 videatur
997 2858 1123 2917 quod
1162 2857 1383 2904 balteum
1428 2872 1535 2904 eum
1577 2857 1826 2904 bullatum
1859 2856 2182 2916 coniungitur,
2225 2870 2310 2902 nec

111 2939 275 2998 placet
302 2937 524 2986 balteum
557 2939 832 2998 repetitum,·
867 2953 930 2986 an
964 2939 1085 2997 fuit:
1116 2934 1242 3003 <ut>
1274 2939 1499 2987 bultcum
1533 2939 1721 2987 dictum
1739 2940 1763 2985 ‚²

274 3020 357 3081 36,
378 3021 461 3067 21.
496 3019 660 3067 troula
687 3019 837 3067 Turn.
877 3021 1042 3068 trovla.
1067 3023 1252 3068 tutatur
1263 3022 1380 3068 Birt
1404 3023 1547 3081 suppl
1570 3022 1706 3069 Mus.
1730 3021 1883 3067 Rleen.
1899 3021 1967 3068 52
1982 3035 2032 3079 p.
2047 3020 2173 3067 205.
2208 3020 2326 3066 hinc

124 3099 192 3149 Gr
205 3102 311 3148 aeci
350 3099 602 3165 τρυπήλαν
633 3101 747 3149 Scal
778 3102 878 3150 coll.
906 3102 1144 3162 Hesychia
1177 3101 1416 3166 τρυπήλα·
1451 3102 1653 3168 τορύνη.

275 3183 360 3242 37,
389 3183 435 3229 3.
494 3183 742 3245 concipiat
782 3183 881 3230 Fv:
928 3184 1053 3242 quod
1099 3199 1160 3231 ne
1204 3185 1416 3232 Varroni
1463 3185 1693 3232 daremus
1740 3184 1829 3231 fiat
1872 3185 2023 3245 effecit
2059 3197 2326 3243 perperam

116 3265 341 3323 positum
376 3264 460 3323 36,
488 3264 533 3311 5.

281 3355 366 3413 37,
391 3354 437 3399 4.
480 3350 588 3400 An:
620 3352 916 3402 diminutive
957 3353 1117 3402 dictus
1142 3370 1238 3414 pro
1270 3354 1433 3403 dictus
1466 3359 1516 3403 ct
1548 3355 1752 3403 dictus?
1785 3370 1825 3403 ν.
1862 3359 1957 3403 test.

287 3435 372 3496 37,
401 3437 482 3482 11.
522 3434 688 3495 pultes
721 3450 752 3482 a
775 3434 852 3480 1⁴⁷⁰
884 3449 939 3483 ex
969 3432 1109 3497 pulte
1143 3440 1347 3485 correcto
1377 3451 1438 3485 ne
1469 3439 1678 3485 nimium
1710 3438 1912 3494 tribuas,
1954 3437 2081 3484 idem
2104 3451 2156 3495 p.
2192 3437 2277 3495 40,
2297 3437 2328 3482 4

131 3531 286 3576 supra
332 3509 620 3582 (capillu)m
666 3519 707 3563 et
749 3529 856 3563 corr
899 3520 941 3564 et
983 3517 1060 3564 del
1103 3533 1137 3565 s.
1184 3518 1371 3567 Eodem
1403 3520 1631 3578 pertinet,
1676 3520 1802 3578 quod
1845 3520 1931 3578 41,
1966 3519 2031 3564 14
2078 3532 2193 3564 cous
2230 3529 2329 3576 pro

133 3613 278 3646 coum
310 3599 501 3646 exhibet.
1236 3600 1239 3602 ’

287 3688 372 3747 37,
402 3688 484 3736 13.
540 3686 614 3746 Of.
646 3688 919 3736 Fenestella
952 3689 1085 3749 apud
1127 3689 1257 3737 Plin.
1293 3688 1554 3736 XXXIII
1584 3690 1691 3735 146
1743 3682 1932 3752 (lances
1977 3702 2098 3749 quas
2132 3687 2330 3748 antiqui

0 3762 7 3843 ’ξ
135 3768 356 3832 magides
390 3763 733 3833 vocaverant).
