2600 4198
279 133 351 186 56
802 132 882 176 DE
914 131 1146 176 LINGVA
1175 132 1402 177 LATINA
1433 131 1614 176 LIBER
1643 132 1686 177 V
1720 137 1817 177 183.
1855 137 1938 177 184
2539 0 2600 218 1

281 268 656 338 compendium
697 269 839 337 quod
892 286 1012 321 cum
1054 267 1424 336 compenditur
1470 286 1576 320 una
1614 268 1697 338 fit3
1751 287 1782 320 a
1828 286 1934 337 quo
1982 285 2166 336 usura,
2220 268 2363 337 quod
2408 269 2466 321 in

281 361 422 409 sorte
455 357 753 426 accedebat,
785 357 1118 426 impendium
1151 358 1501 426 appellatum3
1542 375 1677 426 quae
1710 374 1828 409 cum
1863 356 2135 409 accederet
2166 357 2232 409 ad
2265 360 2463 410 sortem

279 445 502 515 usu[m]‚
540 464 704 498 usura
743 446 901 514 dicta,
940 449 1000 498 ut
1033 463 1149 497 sors
1182 445 1326 513 quod
1365 463 1521 497 suum
1561 445 1624 497 fit
1659 448 1814 498 sorte.
1892 463 1988 515 per
2027 445 2287 498 trutinam
2328 445 2465 499 solvi

281 535 521 589 solitum:
561 534 850 604 vestigium
893 534 1054 585 etiam
1093 551 1236 587 nunc
1273 536 1454 585 manet
1493 533 1548 584 in
1581 533 1708 586 aede
1750 532 1982 603 Saturni,
2022 533 2165 603 quod
2204 552 2266 586 ea
2304 533 2465 587 etiam

279 642 423 677 nunc
471 626 694 692 propter
743 640 1028 691 pensuram
1077 622 1338 674 trutinam
1388 621 1551 673 habet
1600 622 1844 690 positam.
1924 622 1989 673 ab
2037 640 2155 674 aere
2203 622 2463 674 aerarium
2512 643 2532 675 5

280 715 623 782 appellatum.

164 817 247 856 184
430 801 516 853 37.
579 801 644 852 ad
683 800 945 853 vocabula
993 818 1127 868 quae
1175 799 1441 869 pertinere
1489 818 1672 852 sumus
1719 800 1822 852 rati
1871 817 1930 851 ea
1977 818 2111 868 quae
2157 800 2275 852 loca
2315 802 2367 852 et
2405 819 2467 853 ea

281 908 416 959 quae
456 890 513 941 in
550 890 684 942 locis
725 892 850 942 sunt
889 889 1018 942 satis
1059 893 1120 941 ut
1159 889 1391 941 arbitror
1430 889 1597 957 dicta,
1649 888 1792 956 quod
1836 906 2012 955 neque
2059 907 2247 956 parum
2295 888 2467 941 multa

280 982 404 1031 sunt
444 982 629 1049 aperta
679 996 874 1047 neque,
923 978 967 1030 si
1009 979 1238 1047 amplius
1278 977 1526 1046 velimus,
1578 978 1826 1030 volumen
1873 978 2119 1046 patietur.
2200 996 2363 1046 quare
2410 978 2466 1029 in

279 1067 540 1137 proximo,
580 1070 641 1119 ut
679 1068 733 1119 in
774 1068 945 1136 primo
986 1067 1125 1119 libro
1168 1067 1229 1136 (ἕ
1254 1072 1318 1119 11
1335 1067 1431 1136 sq.)
1473 1065 1605 1135 dixi,
1646 1067 1789 1134 quod
1830 1067 2072 1134 sequitur
2112 1067 2174 1118 de
2214 1067 2465 1135 tempori·
2491 1086 2533 1118 10

280 1156 381 1208 bus
423 1156 610 1208 dicam.

430 1321 533 1372 2sq‚
571 1317 638 1371 Of.
673 1317 786 1360 Isid.
823 1318 864 1361 V
889 1319 964 1370 25,
991 1320 1048 1360 15
1090 1318 1247 1372 (usura
1281 1351 1289 1359 .
1319 1352 1327 1360 .
1357 1353 1364 1360 .
1400 1316 1458 1359 ab
1491 1331 1577 1359 usu
1611 1316 1730 1360 aeris
1763 1317 1947 1372 crediti)
1977 1317 1982 1375 Ι
2013 1318 2079 1370 Cf.
2117 1319 2190 1362 VI
2217 1321 2274 1361 65
2283 1335 2299 1371 ;
2343 1318 2462 1361 Fest.

279 1376 457 1431 297b,8
489 1391 591 1420 cum
624 1377 775 1420 Paulo
806 1379 915 1429 296,
936 1379 963 1418 7
997 1378 1111 1432 (sors
1146 1412 1154 1419 .
1183 1410 1192 1419 .
1220 1411 1228 1419 .
1263 1379 1311 1419 et
1343 1376 1467 1431 quod
1501 1376 1666 1431 cuique
1699 1376 1874 1419 accidit
1904 1377 1951 1419 in
1986 1377 2240 1433 sortiendo)
2280 1379 2293 1432 ΙΙ
2333 1382 2360 1419 4
2395 1377 2464 1430 Cf.

280 1436 401 1481 Serv.
436 1437 562 1480 Dan.
597 1437 648 1479 in
680 1436 794 1479 Aen.
831 1436 963 1479 VIII
988 1438 1090 1479 319.
1125 1439 1216 1480 322
1261 1435 1326 1491 (in
1369 1435 1485 1479 aede
1528 1435 1674 1491 ipsius
1709 1434 1896 1478 Saturni
1941 1436 2188 1491 aerarium)
2198 1454 2214 1490 ;
2262 1436 2381 1480 Serv.
2415 1438 2467 1480 in

284 1495 442 1552 Geory.
468 1496 532 1538 II
552 1498 641 1540 502
650 1513 666 1549 ,·
700 1496 849 1538 Macr.
876 1496 911 1538 I
928 1498 973 1548 8,
992 1498 1046 1549 3,·
1079 1496 1202 1539 qut.
1230 1495 1404 1550 Poplie.
1432 1498 1492 1538 12
1502 1512 1517 1548 ,·
1553 1496 1636 1552 Qu.
1657 1496 1786 1539 Rom.
1813 1498 1874 1539 42
1905 1497 1917 1550 ΙΙ
1952 1500 1975 1537 5
2012 1496 2080 1549 Cf.
2108 1495 2220 1539 Isid.
2242 1496 2345 1539 XV
2363 1499 2405 1549 5,
2424 1498 2466 1538 3.

282 1555 406 1598 XVI
441 1559 515 1609 18,
542 1559 567 1599 5

434 1709 455 1747 1
492 1703 844 1759 compendetur:
878 1718 979 1748 corr
1004 1703 1120 1746 Laet
1154 1705 1166 1759 ΙΙι
1200 1708 1223 1745 3
1258 1703 1330 1746 cleb
1359 1703 1455 1746 Αἶά
1487 1704 1499 1759 Η
1532 1708 1557 1744 4
1591 1702 1683 1745 iam
1717 1717 1840 1746 nunc
1873 1705 1920 1747 et
1952 1707 2110 1747 manet
