2600 4198
977 837 1547 899 PRAEFAT1O

319 983 456 1036 Casu
487 983 598 1036 fere
629 983 830 1034 factum
862 986 957 1050 est,
989 986 1050 1035 ut
1080 982 1391 1036 societatem
1423 983 1489 1035 ad
1519 983 1771 1036 Plautum
1803 985 2181 1037 recensendum
2217 986 2345 1038 olim

168 1091 200 1124 a
237 1070 598 1125 RITSCHELIO
638 1075 980 1140 praeceptore
1020 1072 1368 1125 dilectissimo
1409 1073 1646 1124 iunctam
1687 1073 1754 1124 ad
1778 1072 2036 1126 Varronis
2074 1074 2241 1126 libros
2282 1075 2345 1127 de

167 1160 354 1232 lingua
401 1160 569 1213 latina
618 1161 1041 1213 transferremus
1118 1159 1259 1212 Nam
1302 1178 1423 1213 cum
1472 1160 1607 1213 alter
1644 1165 1887 1214 nostrum
1927 1162 2251 1232 bibliopolae
2292 1181 2347 1215 se

167 1250 233 1302 ad
284 1250 573 1303 editionem
623 1249 981 1302 bibliothecae
1021 1248 1420 1302 Teubnerianae
1472 1250 1806 1303 inserendam
1860 1251 2155 1321 obtulisset,
2209 1269 2347 1304 com-

167 1340 306 1408 perit
346 1340 408 1391 de
447 1340 548 1392 hac
587 1357 644 1390 re
683 1339 731 1391 ei
771 1339 931 1391 modo
972 1339 1281 1391 convenisse
1322 1356 1443 1392 cum
1484 1338 1663 1392 alter0.
1728 1339 1882 1393 Vnde
1921 1341 2346 1393 communionem

167 1430 224 1481 in
262 1429 365 1481 hoc
405 1446 617 1497 quoque
657 1428 875 1497 negotio
914 1427 1049 1480 inire
1088 1427 1313 1496 placuit:
1352 1445 1525 1496 neque
1564 1428 1742 1498 piguit
1780 1447 1877 1481 nos
1916 1429 2042 1481 novi
2082 1429 2345 1482 amicitiae

169 1517 488 1587 documenti,
539 1518 639 1569 etsi
688 1516 832 1568 haud
881 1517 1066 1585 paucis
1121 1516 1185 1568 de
1235 1516 1368 1569 locis
1409 1518 1601 1569 acriter
1651 1517 1790 1569 inter
1828 1536 1925 1570 nos
1976 1518 2347 1587 pugnavimUS,

168 1607 336 1660 donec
391 1610 482 1658 aut
533 1607 667 1658 alter
722 1605 877 1657 alteri
932 1605 1140 1657 cederet
1194 1608 1289 1657 aut
1342 1624 1538 1658 novam
1594 1606 1811 1658 omnino
1869 1607 2175 1675 opinionem
2228 1625 2346 1658 con-

168 1695 466 1763 ciperemus
522 1698 614 1748 aut
672 1695 903 1746 admisso
963 1695 1098 1746 ‘non
1153 1693 1351 1761 liquet’
1409 1694 1464 1745 in
1519 1694 1693 1746 medio
1749 1713 1860 1747 rem
1914 1695 2345 1764 relinqueremus

167 1783 356 1853 Neque
408 1784 736 1854 distinguere
775 1782 1043 1834 voluimus
1095 1782 1236 1834 inter
1286 1783 1564 1851 utriusque
1616 1784 1909 1852 conamina,
1961 1802 2066 1852 quo
2114 1785 2345 1852 apertius

167 1873 456 1942 prodamus
506 1872 644 1925 nihil
694 1890 791 1924 nos
841 1872 1101 1939 posuisse,
1155 1871 1298 1939 quod
1348 1890 1456 1923 non
1497 1871 1676 1939 aliquo
1717 1873 1875 1924 modo
1929 1873 2140 1925 admitti
2190 1891 2344 1941 posse

167 1963 531 2024 concedamus,
565 1962 829 2030 simulque
854 1963 916 2012 ut
947 1960 1179 2013 inventis
1212 1960 1646 2029 inventionisque
1676 1960 1824 2013 laudi
1856 1980 1954 2013 nos
1987 1980 2096 2013 non
2120 1962 2344 2014 nimium

165 2052 400 2104 tribuere
442 2051 819 2120 significemus

316 2139 419 2193 Sed
466 2140 838 2211 progrediente
885 2140 1104 2209 negotio
1146 2159 1176 2191 a
1215 2140 1595 2209 recognitione,
1644 2139 1707 2191 de
1749 2158 1852 2207 qua
1892 2139 1957 2190 ab
1998 2139 2155 2192 initio
2207 2143 2345 2191 uter-

167 2248 270 2298 que
325 2231 676 2300 cogitaverat,
731 2231 798 2282 ad
852 2229 1111 2282 maiorem
1166 2229 1454 2281 editionem
1511 2230 1797 2281 curandam
1852 2229 2094 2297 provecti
2149 2247 2343 2280 sumus.

164 2318 306 2372 Nam
347 2322 400 2372 et
439 2337 578 2371 nova
618 2318 813 2371 codicis
853 2318 1200 2371 Laurentiani
1240 2318 1525 2370 collatione
1566 2336 1700 2386 opus
1742 2336 1854 2369 esse
1894 2317 2252 2370 intelleximus
2294 2322 2345 2368 et

167 2409 397 2461 multum
449 2407 621 2460 iuvari
660 2407 947 2460 verborum
999 2411 1112 2459 tam
1164 2407 1664 2475 interpretationem
1705 2426 1864 2475 quam
1906 2407 2344 2459 constitutionem

168 2497 448 2565 adscriptis
491 2496 875 2549 ‘testimoniis’t
916 2497 1014 2549 sub
1056 2514 1162 2564 quo
1202 2497 1420 2549 nomine
1453 2496 1953 2564 comprehendimus
1985 2513 2095 2547 non
2133 2498 2341 2547 tantum

167 2587 315 2638 locos
349 2604 379 2636 a
412 2586 765 2654 scriptoribus
798 2585 1010 2637 disertis
1043 2586 1219 2638 verbis
1253 2604 1317 2638 ex
1342 2584 1584 2637 Varrone
1626 2584 1908 2650 exhibitos,
1943 2584 2035 2652 qui
2067 2584 2344 2652 pauciores

166 2678 314 2742 sunt,
360 2693 544 2727 verum
594 2675 754 2727 etiam
810 2675 1050 2727 locorum
1097 2674 1474 2742 parallelorum
1522 2677 1681 2742 atque
1730 2674 2068 2741 ὁμοιοτήτων
2115 2674 2344 2740 copiam3

165 2762 259 2815 ubi
308 2764 523 2833 potiora
573 2763 949 2832 excerpsimUS,
999 2763 1204 2830 reliqua
1254 2765 1466 2815 tantum
1516 2762 1880 2814 indicavimus.
1957 2759 2145 2829 Neque
2198 2760 2345 2812 dubi-

164 2855 355 2920 tamuS,
405 2854 536 2921 quin
590 2857 672 2906 sat
726 2854 896 2905 multa
950 2852 1074 2904 huic
1128 2853 1409 2921 apparatui
1465 2851 1586 2903 addi
1639 2853 1862 2919 possint,
1917 2867 2038 2902 cum
2087 2868 2203 2901 sero
2260 2850 2343 2900 his

165 2942 488 2995 testimoniis
530 2941 905 3011 conquirendis
946 2959 1161 3009 operam
1198 2941 1512 2993 dederimus
1576 2938 1678 2993 Sed
1711 2940 1795 2991 vel
1834 2939 1911 2991 sic
1951 2939 2179 2990 multum
2220 2938 2342 2989 inde

167 3047 222 3083 se
260 3030 457 3083 lucrari
495 3049 653 3099 posse
691 3031 846 3083 facile
885 3030 1163 3100 intelleget
1196 3030 1288 3098 qui
1326 3031 1472 3082 locos
1506 3028 1702 3097 quibus
1737 3029 1802 3081 ad
1844 3026 2192 3080 ‘testimonia’
2224 3044 2342 3094 pro-

166 3119 474 3172 vocavimus
527 3138 648 3173 cum
698 3120 939 3189 priorum
979 3118 1294 3172 commentis
1347 3118 1756 3187 comparaverit:
1808 3136 1835 3169 e
1877 3135 2102 3185 quorum
2149 3132 2342 3184 magno

165 3225 387 3261 numero
427 3227 535 3261 non
573 3227 742 3278 pauca
782 3207 1027 3261 consulto
1062 3208 1355 3277 omisimuS,
1396 3225 1531 3275 quae
1564 3225 1628 3258 ex
1660 3205 1904 3258 uberiore
1939 3203 2343 3273 Spengeliorum

168 3301 430 3366 apparatu
484 3297 711 3351 adscisci
761 3298 985 3367 possint.
1063 3296 1309 3364 Denique
1361 3298 1412 3348 et
1463 3295 1858 3364 prolegomenis
1909 3292 2242 3345 uberioribus
2292 3293 2343 3341 et

169 3385 610 3439 adnotationibus
643 3386 908 3439 adiunctis
942 3388 994 3438 et
1027 3385 1293 3437 indicibus
1328 3385 1498 3437 auctis
1531 3382 1797 3451 pauloque
1823 3382 1976 3434 aliter
2002 3379 2344 3433 conformatis

168 3492 301 3543 opus
341 3493 455 3527 esse
493 3475 816 3544 putavimus

315 3563 669 3632 Reliquorum
694 3564 954 3617 Varronis
980 3564 1301 3633 scriptorum
1330 3561 1798 3632 grammaticorum
1833 3559 2130 3627 fragmenta
2155 3556 2342 3607 addere

167 3669 287 3704 cum
327 3651 394 3704 ab
434 3652 591 3705 initio
632 3652 1083 3721 constituerimus,
1134 3669 1242 3703 non
1282 3649 1584 3703 destitimus
1624 3648 1691 3699 ab
1742 3648 1844 3700 hoc
1883 3644 2121 3713 consilio,
2161 3662 2341 3711 quam-

168 3757 330 3808 quam
370 3743 423 3793 et
460 3740 708 3793 Funaioli
755 3740 970 3793 interim
1009 3741 1142 3792 haec
1179 3738 1404 3791 inseruit
1442 3736 1705 3790 volumini
1744 3734 1911 3803 priori
1954 3731 2339 3785 Grammaticae
