2600 4198
85 1138 125 1170 10

80 1583 120 1615 15

77 2028 119 2059 20

75 2473 117 2506 25

1050 173 1431 218 FRAGMENTA
2221 174 2324 226 241

416 310 499 363 bis
540 327 629 362 eas
668 309 1033 362 subtrahimus
1078 327 1146 362 ne
1192 312 1412 363 onerent
1451 327 1646 362 aurem.
1723 328 1847 361 nam
1887 309 2026 362 unde
2065 315 2145 363 est
2186 312 2327 380 quod

417 398 606 450 amasti
639 398 864 450 dicimus
903 397 1158 450 libentius
1192 416 1351 467 quam
1384 398 1632 451 amavisti
1669 401 1721 450 et
1752 399 1898 450 nosti
1931 384 2328 466 quam-novisti

417 490 471 539 et
509 486 643 539 abiit
680 504 792 538 non
830 485 997 539 abivit
1036 489 1090 538 et
1139 488 1196 538 in
1234 485 1376 539 hunc
1415 487 1635 539 modum
1676 487 2122 539 innumerabilia?
2200 506 2327 557 ergo

418 593 538 628 cum
577 574 804 627 dicimus
844 575 966 644 vim,
1007 592 1168 628 sonus
1207 575 1357 627 verbi
1396 579 1457 627 ut
1496 575 1697 629 dictum
1739 579 1818 628 est
1858 576 2009 644 quasi
2049 576 2327 646 valid[i]us

417 663 668 733 congruit
716 664 793 715 rei
841 682 1001 733 quam
1052 663 1333 733 significat.
1411 664 1516 715 iam
1569 682 1634 716 ex
1685 663 1778 715 illa
1816 664 2090 717 vicinitate
2139 684 2236 734 per
2275 666 2329 717 id

417 753 561 822 quod
601 752 856 821 efficiunt,
898 752 1002 806 hoc
1041 756 1121 804 est
1160 753 1285 820 quia
1322 752 1558 804 violenta
1598 756 1737 821 sunt,
1777 753 1918 805 dicta
1957 754 2168 806 vincula
2207 773 2328 823 pos-

417 845 541 895 sunt
578 841 748 894 videri
788 845 840 893 et
877 840 1056 894 vimen
1094 860 1199 909 quo
1241 841 1444 909 aliquid
1481 841 1758 893 vinciatur.
1828 841 1950 894 inde
1989 844 2142 911 vite5‚
2183 843 2325 911 quod

416 930 739 983 adminicula
790 931 984 999 quibus
1037 930 1343 983 innituntur
1392 930 1617 982 nexibus
1671 930 1953 998 prendunt.
2042 931 2168 984 hinc
2222 932 2328 984 iam

414 1023 635 1089 propter
703 1019 1108 1072 similitudinem
1181 1020 1460 1073 incurvum
1531 1038 1711 1072 senem
1779 1020 1982 1071 vietum
2047 1019 2328 1072 Terentius

417 1109 580 1173 (Eun.
615 1113 743 1174 688)
785 1108 1089 1178 appellavit.
1166 1108 1294 1161 hinc
1339 1111 1480 1161 terra
1520 1127 1655 1178 quae
1695 1108 1919 1177 pedibus
1961 1108 2327 1161 itinerantium

416 1198 652 1250 flexuosa
686 1202 738 1250 et
778 1198 906 1250 trita
947 1202 1027 1250 est
1058 1198 1145 1250 via
1179 1197 1393 1250 dicitur:
1436 1198 1480 1250 si
1521 1201 1699 1249 autem
1732 1197 1834 1266 via,
1866 1197 2010 1265 quod
2041 1198 2094 1249 vi
2133 1198 2329 1265 pedum

415 1288 543 1339 trita
576 1291 670 1357 est,
702 1288 874 1357 magis
908 1287 1142 1339 creditur
1167 1287 1324 1355 dicta,
1356 1287 1494 1339 redit
1528 1287 1678 1356 origo
1713 1287 1779 1339 ad
1811 1286 1959 1338 illam
1984 1286 2327 1339 vicinitatem.

415 1377 506 1429 sed
545 1376 801 1429 faciamus
842 1392 872 1427 a
912 1376 1261 1429 similitudine
1298 1377 1423 1428 vitis
1455 1375 1540 1429 vel
1573 1376 1804 1444 viminiS,
1842 1375 1946 1428 hoc
1985 1379 2065 1428 est
2105 1395 2134 1427 a
2173 1376 2329 1443 fleXU‚

415 1484 529 1518 esse
569 1466 786 1519 dictam:
828 1466 1037 1535 quaerit
1075 1485 1201 1536 ergo
1243 1485 1272 1517 a
1311 1483 1395 1519 me
1428 1466 1710 1534 quispiam,
1750 1484 1910 1533 quare
1944 1466 2028 1516 via
2062 1464 2203 1517 dicta
2237 1464 2327 1534 sit3

412 1555 708 1624 respondeo
749 1574 778 1607 a
818 1556 983 1623 fieren,
1023 1555 1167 1624 quod
1206 1556 1403 1607 flexum
1442 1554 1590 1607 velut
1628 1555 1907 1608 incurvum
1948 1555 2150 1606 vietum
2190 1557 2328 1606 vete-

412 1663 494 1697 res
543 1644 811 1712 dixerunt,
860 1645 999 1697 unde
1045 1644 1267 1714 vi[e]tos
1316 1646 1478 1696 etiam
1528 1662 1662 1713 quae
1711 1644 1974 1713 cant<h>o
2023 1643 2330 1695 ambiantur

411 1738 651 1786 rotarum
712 1734 860 1804 ligna
914 1737 1121 1786 vocant.
1213 1735 1553 1802 persequitur
1608 1751 1871 1801 quaerere,
1933 1732 2072 1784 unde
2127 1733 2327 1784 vietum

411 1823 610 1875 flexum
653 1822 881 1874 dicatur:
923 1826 975 1874 et
1013 1822 1102 1875 hic
1140 1823 1437 1891 respondeo
1479 1841 1510 1874 a
1550 1821 1905 1874 similitudine
1943 1821 2084 1873 vitis,
2163 1821 2328 1873 instat

413 1914 572 1980 atque
613 1910 795 1980 exigit,
836 1911 975 1963 unde
1015 1911 1091 1964 ita
1142 1912 1211 1964 sit
1250 1911 1376 1964 vitis
1417 1929 1636 1964 nomen:
1690 1911 1807 1963 dico
1850 1910 1992 1979 quod
2032 1909 2230 1962 vinciat
2269 1928 2330 1962 ea

412 2018 547 2069 quae
595 2000 1071 2069 comprehenderit.
1149 2003 1431 2069 scrutatur7
1482 2000 1661 2068 ipsum
1700 2000 1898 2052 vincire
1948 1999 2087 2051 unde
2127 1999 2328 2051 dictum

411 2090 502 2142 sit:
543 2089 780 2142 dicemus
813 2109 842 2141 a
876 2090 940 2142 vi.
996 2091 1077 2142 vis
1112 2107 1274 2158 quare
1315 2090 1392 2141 sic
1428 2089 1742 2158 appellatur,
1782 2089 2038 2157 requiret:
2079 2087 2329 2140 reddetur

410 2181 562 2242 ratic,
615 2179 759 2247 quod
809 2181 1031 2231 robusto
1083 2182 1135 2231 et
1184 2180 1337 2247 quasi
1376 2178 1553 2230 valido
1609 2196 1739 2231 sono
1780 2177 2001 2230 verbum
2052 2177 2127 2229 rei
2169 2195 2327 2245 quam

411 2267 681 2337 significat
735 2269 997 2338 congruit.
1082 2269 1224 2320 ultra
1280 2268 1423 2336 quod
1478 2268 1717 2336 requirat
1770 2285 1880 2319 non
1931 2266 2109 2319 habet.
2197 2270 2329 2334 quot

410 2356 582 2408 modis
623 2361 800 2410 autem
842 2359 994 2428 origo
1027 2358 1313 2410 verborum
1355 2357 1696 2425 corruptione
1727 2374 1920 2408 vocum
1962 2356 2212 2423 varietur,
2251 2356 2328 2407 in-

409 2450 593 2515 eptum
633 2450 713 2499 est
751 2447 1036 2516 persequi]

292 2612 315 2650 2
353 2607 419 2661 Of.
457 2608 546 2652 Cic.
580 2613 694 2652 orat.
727 2611 818 2651 157
849 2607 980 2664 (quid
1021 2607 1145 2663 quod
1193 2607 1257 2650 sic
1305 2607 1434 2662 loqui
1475 2620 1609 2650 nosse
1649 2606 1881 2650 iudicasse
1922 2608 2104 2661 vetant,
2144 2607 2326 2650 novisse

142 2665 306 2710 iubent
345 2669 392 2709 et
429 2666 741 2710 iudicavisse?
781 2667 917 2722 quasi
955 2679 1060 2711 vero
1101 2667 1361 2710 nesciamus
1401 2665 1449 2708 in
1490 2667 1579 2711 hoc
1619 2679 1786 2722 genere
1828 2667 1874 2709 et
1912 2665 2103 2721 plenum
2136 2666 2326 2710 verbum

141 2728 266 2770 recte
291 2725 384 2769 dici
410 2728 456 2769 et
487 2726 788 2770 imminutum
820 2727 1038 2784 usitate);
1074 2726 1175 2771 GL.
1202 2728 1237 2770 I
1252 2729 1362 2780 258,
1378 2729 1422 2769 2.
1457 2730 1564 2779 387,
1587 2730 1664 2780 22,
1690 2727 1748 2769 al.
1775 2728 1789 2781 Η
1816 2729 1839 2767 7
1868 2725 1935 2780 Cf.
1954 2740 2004 2780 p.
2032 2729 2104 2780 13,
2124 2730 2151 2768 4
2175 2726 2327 2780 ibique

142 2786 249 2830 adn.
283 2787 471 2842 itemque
495 2801 544 2842 p.
572 2790 644 2839 32,
664 2790 692 2830 6
715 2787 728 2843 Η
761 2790 786 2828 9
816 2786 883 2840 Cf.
910 2801 960 2842 p.
984 2789 1061 2839 20,
1080 2789 1136 2829 14
1167 2787 1318 2841 ibique
1343 2786 1450 2829 adn.
1478 2787 1490 2842 Η
1526 2790 1577 2830 11
1616 2786 1684 2840 Cf.
1709 2799 1759 2841 p.
1788 2789 1830 2839 6,
1849 2788 1888 2829 3.
1923 2788 2013 2838 9,2
2044 2786 2193 2840 ibique
2218 2786 2324 2829 adn.

143 2849 203 2900 (et
234 2848 401 2900 12,16)
447 2847 460 2902 Η
506 2851 558 2889 16
595 2846 663 2900 Of.
690 2860 739 2902 p.
765 2848 943 2900 221,1;
978 2845 1075 2889 ΤΘ.
1109 2859 1142 2890 s.
1176 2845 1326 2899 vitus;
1361 2843 1461 2888 GL.
1489 2846 1571 2889 IV
1596 2848 1699 2899 116,
1715 2848 1790 2888 22.
1826 2847 1929 2898 193,
1946 2848 2032 2898 24,·
2073 2845 2115 2887 V
2143 2848 2247 2898 537,
2266 2848 2327 2887 27

292 2999 314 3036 1
358 3008 435 3037 eas
474 2997 540 3039 :ve-l
580 3008 683 3038 eam
723 2995 864 3051 (quod
909 2994 1014 3049 fort.
1052 2999 1259 3050 praestat
1305 2994 1541 3052 onere[n]t
1579 2994 1792 3050 reposito)
1838 2995 1844 3049 Ι
1887 2993 2010 3035 unde
2059 2994 2125 3037 vel
2171 2992 2280 3036 inde
2313 2995 2325 3047 Η

140 3057 167 3096 4
201 3053 335 3108 quasi
359 3055 426 3098 vel
457 3066 576 3109 quae
610 3054 647 3096 si
678 3055 691 3110 Η
728 3059 781 3097 10
812 3054 1137 3097 itinerantium
1160 3056 1228 3099 vel
1258 3053 1532 3098 iterantium
1563 3054 1576 3110 Η
1612 3059 1662 3096 11
1692 3055 1739 3096 et
1770 3053 1899 3110 trita]
1935 3067 2018 3096 om:
2054 3054 2099 3094 et
2131 3051 2288 3095 vieta?
2316 3054 2319 3109 Ι

140 3111 382 3227 ἳέῑυξῑῃὶιέίε
413 3112 428 3172 Η
463 3118 516 3156 14
540 3127 613 3156 me
638 3115 705 3158 vel
730 3127 757 3156 a
781 3127 854 3157 me
887 3115 900 3170 Η
935 3118 987 3157 16
1014 3114 1085 3158 del
1110 3114 1377 3158 Buecheler:
1409 3128 1446 3157 υ.
1482 3118 1575 3158 test.
1606 3113 1611 3172 Ι
1641 3115 1781 3156 cantu
1805 3114 1871 3156 vel
1904 3115 2041 3155 canto
2074 3114 2086 3167 Η
2122 3116 2174 3154 19
2201 3110 2325 3166 quod

231 3876 355 3909 Varro
379 3877 424 3909 de
447 3876 542 3918 ling.
565 3878 631 3910 lat.
1913 3869 1965 3908 16
