2600 4198
248 178 358 232 274
1092 176 1567 248 ADNO'I'ATIONES

247 321 433 367 tutatur
464 334 493 366 0
532 317 682 365 Publi
723 316 888 379 Scipio
900 334 918 375 ,·
956 319 1017 378 cf.
1061 319 1204 365 etiam
1234 317 1436 365 Norden
1458 317 1592 365 Mus.
1618 317 1771 366 Rhen.
1799 318 1898 366 XL
1910 319 2057 367 VIII
2070 333 2123 378 p.
2153 318 2260 367 535
2284 320 2429 381 adn,-

253 399 502 448 Gichorius
533 399 702 447 Herm.
737 398 877 445 XLI
902 397 1095 458 (1906)
1118 413 1172 459 p.
1210 400 1290 446 60.
1321 400 1402 446 63.

398 482 518 540 102,
548 482 630 528 10.
672 479 914 542 ambegna
935 482 1107 538 prisca
1137 481 1299 539 forma
1329 480 1518 528 videtur
1539 481 1694 541 fuisse
1726 480 1810 541 (cf.
1835 481 2056 540 testim.),·
2086 481 2347 546 ambiegna
2373 497 2429 531 ex

246 562 455 625 abiegna
486 575 594 609 voce
624 562 874 608 usitatiore
903 561 1223 609 immutatum.

398 644 517 704 103,
546 644 592 690 8.
632 657 721 689 nec
753 642 915 689 sciunt
947 642 1077 690 Ellis
1109 643 1137 689 Ζ.
1169 656 1208 689 3.
1239 656 1277 689 3.
1300 656 1353 701 Ρ.
1387 643 1510 690 360.

395 725 516 784 104,
543 725 588 772 3.
630 723 688 771 de
721 724 881 785 poetis
915 725 1059 771 etiam
1088 725 1174 771 hoc
1205 724 1303 771 loco
1334 725 1522 772 restitui
1551 725 1681 772 iubet
1703 724 1763 771 L.
1781 725 1993 773 Mueller
2018 721 2090 787 ᾫ.
2108 722 2262 773 Enn.’
2280 742 2333 787 Ρ.
2352 728 2427 775 27

245 807 357 853 adn.
396 809 453 852 1:
484 809 536 853 at
566 807 626 865 cf.
661 805 727 852 ad
754 804 838 860 75,
874 807 943 852 13
976 805 1044 864 (et
1072 806 1310 853 Funaioli
1332 821 1383 865 p.
1417 805 1565 866 213).

399 888 517 950 104,
546 889 592 934 6.
642 888 695 933 in
727 885 830 933 IIII
874 887 940 933 ad
972 886 1278 934 Phaedonem
1321 891 1549 947 quartum
1581 888 1827 948 dialoqum
1858 890 2113 947 quominus
2153 890 2427 948 referamus

245 983 551 1029 nequaquam
589 969 787 1028 impedit
822 968 1066 1028 Thrasylli
1098 971 1232 1015 aetas
1265 967 1347 1028 (cf.
1379 968 1461 1028 Sp.
1485 970 1647 1029 praef.
1670 984 1724 1029 p.
1750 969 2037 1029 LXXIX),
2075 970 2158 1017 sed
2196 969 2425 1030 intelleqi·

242 1064 351 1097 mus
383 1050 705 1110 antiquiorem
737 1049 953 1097 ordinem
984 1049 1124 1096 illum
1156 1054 1370 1097 secutum
1402 1064 1524 1098 esse:
1565 1065 1717 1111 neque
1750 1053 1875 1098 enim
1905 1066 2023 1099 casu
2053 1065 2182 1099 mero
2213 1052 2328 1099 haec
2357 1053 2428 1100 sic

242 1134 494 1179 convenire
524 1132 763 1179 videntur.
829 1130 903 1189 Of.
939 1130 1102 1179 Christ
1130 1129 1276 1178 Arete.
1310 1132 1382 1177 II
1397 1147 1449 1191 p.
1489 1134 1607 1180 620.

394 1221 515 1281 104,
546 1222 588 1267 7.
627 1219 705 1267 De
738 1219 928 1267 dicendi
958 1220 1146 1266 ratione
1179 1221 1237 1280 cf.
1269 1220 1471 1267 Norden
1501 1221 1638 1268 Mus.
1663 1221 1815 1269 Rhen.
1842 1221 1940 1268 XL
1954 1222 2098 1270 VIII
2115 1237 2170 1281 p.
2201 1221 2319 1269 549.

392 1303 513 1362 104,
541 1302 608 1348 10
625 1315 693 1361 sq.
737 1299 811 1360 Cf.
836 1301 1151 1360 Krumbieqel
1172 1315 1225 1359 p.
1251 1302 1337 1349 20.

394 1383 514 1442 104,
542 1384 607 1429 16
627 1395 694 1442 sq.
753 1381 826 1440 Cf.
858 1380 1086 1429 Schwabe
1116 1382 1238 1429 Nov.
1281 1397 1396 1430 ann.
1438 1398 1482 1430 a.
1519 1384 1664 1430 1872
1693 1399 1746 1443 Ρ.
1783 1383 1904 1439 415,
1957 1382 2058 1431 Otto
2105 1398 2142 1431 3.
2177 1379 2422 1432 ‘locusta’.

245 1463 466 1513 Ceterum
499 1467 541 1511 et
571 1464 629 1511 de
658 1464 931 1511 hexametro
962 1465 1237 1524 imperfecto
1268 1466 1460 1512 somnia
1490 1468 1604 1512 sunt
1635 1468 1677 1512 et
1710 1464 1847 1512 Luca
1889 1464 2028 1513 bovis
2071 1466 2308 1513 lucustam
2328 1481 2424 1525 pa-

238 1548 370 1594 riens
403 1547 538 1606 apud
567 1543 630 1591 A.
648 1544 729 1605 Sp.
763 1545 885 1593 delet
915 1559 1117 1592 acumen
1147 1547 1419 1595 sententiae.

389 1636 508 1696 104,
537 1636 619 1682 22.
661 1633 770 1681 ideo
807 1629 951 1698 [non]
985 1635 1105 1681 item
1136 1636 1374 1683 Funaioli
1396 1651 1448 1695 p.
1486 1638 1604 1683 106.
1645 1635 1777 1683 idem
1809 1636 1885 1683 del
1915 1651 2014 1683 non
2047 1636 2187 1683 Diels
2221 1631 2422 1683 ‘Elem.'

227 1732 282 1777 p.
312 1717 396 1772 85,
425 1720 479 1763 1:
512 1730 808 1777 quamquam
840 1717 1145 1764 desideratur
1177 1720 1287 1764 ante
1317 1718 1439 1764 item
1471 1717 1796 1778 quadripedes
1828 1717 1954 1777 quod
1985 1718 2123 1765 verbo
2155 1717 2423 1764 maximam

240 1791 641 1864 (quadripedem)
675 1798 974 1857 respondeat.

390 1887 510 1948 105,
538 1889 583 1934 2.
623 1887 747 1934 Luci
780 1883 859 1949 <si
892 1886 952 1934 ab
985 1886 1197 1935 Lucanis
1229 1882 1427 1949 Lucae>
1461 1887 1632 1936 Canai.
1677 1886 1751 1948 Cf.
1784 1888 1842 1935 de
1874 1889 1985 1935 bove
2016 1889 2127 1936 luca
2159 1888 2424 1937 Buecheler

238 1970 373 2017 Mus.
400 1969 552 2017 Rhen.
580 1969 680 2015 XL
701 1984 754 2028 p.
793 1970 898 2015 149
915 1983 980 2029 sq.
1018 1962 1163 2033 (βοῦς
1195 1963 1381 2035 λευκή).

391 2051 513 2110 105,
541 2052 656 2109 639.
719 2049 791 2110 Cf.
828 2050 1012 2098 Vahlen
1043 2051 1260 2098 Hermae
1299 2054 1328 2097 t.
1359 2051 1519 2098 XXX
1545 2066 1597 2110 p.
1627 2052 1712 2099 26.
1769 2051 2041 2098 orationem
2080 2050 2284 2098 haberet
2323 2044 2422 2117 (del

238 2125 410 2197 verba)
431 2132 596 2179 Turn:
628 2146 686 2179 ac
716 2132 905 2179 videtur
929 2145 1047 2179 sane
1079 2133 1354 2180 orationem
1385 2130 1856 2192 interpretamentum
1886 2134 2025 2180 iuoeta
2048 2132 2197 2180 verba
2228 2135 2282 2180 in
2313 2148 2421 2180 ora-

236 2214 431 2260 tionum
463 2214 664 2261 abiisse:
688 2214 815 2273 quod
837 2227 947 2260 vero
961 2212 1119 2272 A.Sp.
1146 2215 1211 2261 ad
1236 2213 1385 2260 verba
1410 2229 1466 2261 ex
1488 2228 1583 2260 usu
1607 2215 1846 2262 communi
1877 2214 2062 2261 faceret
2083 2216 2249 2274 potius
2273 2229 2420 2275 quam

235 2294 440 2342 haberet
457 2296 760 2349 desideravit,
787 2295 844 2353 ef.
861 2293 956 2341 Cic.
976 2295 1022 2343 d.
1040 2310 1135 2354 rep.
1150 2295 1231 2342 VI
1245 2297 1275 2342 9
1294 2289 1586 2360 (multisque
1602 2294 1763 2343 verbis
1787 2295 1921 2343 ultro
1947 2296 2169 2356 citroque
2194 2288 2417 2362 habitis).

391 2384 510 2444 105,
530 2384 576 2431 8.
615 2383 733 2431 Noli
758 2385 993 2443 corriqere
1024 2383 1346 2447 legabantur:
1375 2399 1493 2431 nam
1524 2384 1675 2431 simili
1705 2385 1844 2431 modo
1875 2384 2110 2446 leguntur
2135 2387 2202 2431 est
2224 2385 2310 2441 80,
2336 2386 2417 2432 13.

238 2467 315 2514 De
346 2467 582 2514 sententia
615 2466 673 2525 cf.
707 2480 830 2526 quae
864 2465 1048 2513 Vahlen
1078 2459 1236 2511 Enn.²
1257 2481 1310 2525 p.
1347 2467 1455 2513 108
1485 2467 1749 2513 adnotavit.

390 2548 511 2607 105,
540 2549 622 2595 12.
668 2546 741 2607 Cf.
767 2548 1042 2595 Mommsen
1076 2543 1318 2594 ‘Staatsr.'
1353 2548 1458 2593 III
1486 2551 1515 2594 1
1540 2563 1593 2607 p.
1622 2550 1741 2594 411.

389 2631 509 2689 106,
535 2631 582 2675 4.
622 2630 717 2675 rite
749 2628 940 2676 velatos
973 2628 1104 2676 Ellis
1136 2629 1164 2676 Ζ.
1198 2642 1234 2675 3.
1267 2644 1304 2676 s.
1328 2645 1381 2688 p.
1416 2631 1538 2676 363.
1578 2630 1686 2676 tute
1718 2629 1907 2676 velatos
1943 2628 2312 2677 Gundermann.

389 2713 510 2771 106,
538 2713 620 2759 10.
674 2709 747 2770 Cf.
783 2710 969 2758 Vahlen
998 2703 1157 2757 Enn.2
1177 2726 1230 2770 p.
1260 2711 1522 2757 XXXIII
1525 2727 1543 2768 ‚·
1571 2709 1768 2758 Schulze
1801 2711 1828 2756 Ζ.
1862 2725 1898 2757 3.
1929 2724 1967 2757 3.
1991 2725 2043 2770 Ρ.
2080 2712 2184 2757 474
2220 2710 2332 2758 adn.
2369 2713 2415 2758 4.

387 2794 506 2854 107,
534 2794 562 2839 6
581 2806 648 2852 sq.
692 2807 720 2838 a
752 2790 862 2851 (pro
896 2793 944 2838 et
974 2792 1157 2839 secluso
1182 2807 1214 2839 a
1235 2791 1343 2851 Sp.)
1369 2791 1588 2839 duellum
1604 2791 1896 2839 Lachmann
1917 2792 2158 2851 probante
2182 2784 2416 2840 Vahleno²

225 2889 278 2934 p.
308 2874 429 2930 195,
461 2875 587 2934 quod
617 2874 752 2920 nullo
783 2873 923 2920 modo
955 2874 1150 2933 sufficit.
1199 2873 1467 2934 perduellis
1490 2888 1586 2933 pro
1619 2872 1928 2935 perduellum
1958 2874 2127 2932 firmat
2156 2873 2217 2920 L.
2243 2873 2417 2933 Lanqe

234 2952 336 3002 ’ΚΖ
362 2951 621 3014 Schriften’
658 2955 729 3001 II
743 2970 796 3015 p.
824 2956 933 3001 366
965 2955 1077 3002 adn.

385 3046 504 3105 107,
532 3044 580 3092 8.
624 3043 697 3104 Cf.
735 3043 928 3091 Gundel
959 3044 1016 3090 de
1047 3043 1165 3090 stell.
1199 3043 1369 3103 appell.
1405 3046 1447 3091 et
1475 3044 1608 3103 reliq.
1632 3043 1694 3090 R.
1728 3039 2172 3103 (Reliqionsqesch.
2201 3043 2333 3091 Vers.
2365 3059 2415 3091 u.

244 3122 465 3173 Vorarb.’
500 3126 605 3171 III
632 3124 807 3172 Gissae
842 3123 1009 3183 1907)
1034 3139 1087 3183 p.
1122 3125 1193 3171 83
1219 3124 1374 3184 (175)
1392 3138 1489 3185 sqq.

389 3215 509 3275 107,
539 3215 620 3261 13.
677 3212 750 3273 Of.
788 3217 902 3273 post
932 3212 1283 3260 Buechelerum
1317 3209 1446 3261 ‘Jen
1472 3209 1671 3261 Lit.-Z.'
1706 3228 1749 3261 a.
1788 3214 1930 3261 1874
1964 3228 2018 3273 p.
2055 3215 2159 3260 610
2205 3216 2248 3261 et
2276 3214 2411 3264 Mus.

230 3295 383 3343 Rhen.
418 3295 579 3342 XXX
598 3310 651 3356 p.
686 3297 794 3342 446
832 3294 1030 3342 Schulze
1073 3295 1101 3342 Ζ.
1134 3310 1171 3342 s.
1205 3310 1241 3342 3.
1277 3310 1329 3355 p.
1366 3297 1538 3351 462,3
1582 3294 1650 3355 (et
1680 3296 1762 3351 18,
1779 3294 1852 3355 2).
1895 3321 1965 3327 —-
2010 3294 2083 3354 Cf.
2117 3297 2234 3354 post
2272 3295 2413 3343 Turn

230 3376 292 3424 L.
316 3376 544 3425 Schwabe
574 3376 872 3424 Fleckeiseni
903 3376 1085 3423 Annal.
1123 3376 1202 3424 CI
1242 3377 1309 3436 (a.
1347 3375 1512 3435 1870)
1549 3392 1602 3436 p.
1638 3377 1825 3436 350sq.
1868 3391 2082 3436 quaeque
2119 3377 2173 3423 in
2212 3377 2415 3425 eamdem

230 3460 515 3507 sententiam
539 3459 746 3518 protulit
774 3458 1029 3505 Baehrens
1059 3458 1125 3504 ad
1160 3457 1406 3506 Catullum
1438 3461 1481 3505 et
1513 3457 1707 3505 Gundel
1738 3458 1766 3505 l.
1784 3471 1822 3505 3.
1839 3471 1875 3504 3.
1891 3472 1944 3517 p.
1961 3459 2027 3516 9(
2036 3456 2180 3517 101).
2231 3456 2412 3511 Contra

231 3541 446 3588 alterum
477 3556 666 3601 vesper,
696 3539 749 3587 id
785 3542 859 3588 est
892 3555 1037 3601 quem
1069 3538 1240 3586 dicunt
1272 3538 1446 3587 Graeci
1478 3535 1752 3600 ὃιεσπέριρν
1785 3539 1901 3586 Birt
1930 3539 2064 3585 Mus.
2090 3538 2242 3587 Rhen.
2275 3538 2415 3586 LIX

231 3628 299 3688 (a.
337 3621 503 3682 1904)
527 3637 580 3681 p.
602 3623 708 3669 408
724 3636 791 3683 sq.
825 3622 993 3669 collato
1024 3620 1346 3669 Lachmanno
1379 3615 1650 3668 εΚΖΒΟΖινῖ
1677 3620 1815 3679 ΙΙΡ.
1838 3621 2026 3678 19139.
2060 3611 2167 3685 (qui
2198 3619 2410 3668 alterum

228 3717 403 3764 vesper
434 3697 611 3769 adest).
658 3701 818 3764 Atque
848 3702 902 3751 id
933 3705 1007 3751 est
1039 3703 1225 3751 dudwm
1248 3701 1465 3763 Scaliqer
1487 3704 1725 3757 suaserat,
1759 3715 2053 3760 quamquam
2083 3700 2133 3747 id
2167 3703 2243 3749 est
2271 3703 2410 3749 iuoeta

230 3799 378 3845 quem
410 3782 585 3832 Graeci
628 3784 799 3832 dicunt
841 3786 1060 3844 offendit,
1102 3798 1187 3832 nec
1228 3785 1498 3844 suspicione
1540 3786 1670 3831 caret
1711 3778 2001 3847 ὃιεσπέριον,
2043 3781 2172 3842 quod
2210 3782 2413 3830 minime
2495 3794 2497 3796 ’
2560 3775 2586 3841 J

2549 0 2600 383 1

2590 388 2600 415 ’1
