2600 4198
321 162 469 206 XLVI
1180 163 1598 209 PROLEGOMEN
1597 164 1639 208 A

322 297 541 350 89—91.
569 296 1100 350 95—98.148-152.
1130 297 1397 351 154156.
1436 298 1553 352 157.
1589 299 1709 353 159.
1748 301 1865 354 163.
1902 302 2021 354 164.
2058 302 2496 370 171-173.174;
2587 344 2589 347 ,

325 384 404 438 VI
431 385 661 438 13—34.
741 385 822 438 De
863 386 1056 454 quibus
1096 389 1157 438 ut
1196 388 1406 456 saepius
1446 389 1800 442 confidentius
1840 390 2150 460 iudicemus,
2187 392 2498 445 testimonia

320 472 599 526 Plutarchi
655 477 707 526 et
762 474 1011 543 Dionysii
1068 475 1333 545 efficiunt,
1388 477 1481 544 qui
1536 495 1600 529 ex
1663 478 1849 531 iisdem
1906 477 2309 548 Antiquitatum
2362 481 2497 534 locis

319 563 568 630 pendent.
632 561 748 624 Quo
782 564 1039 616 accedunt
1077 564 1386 617 testimonia
1416 583 1526 618 non
1566 567 1742 619 minus
1776 567 1960 637 gravia
1992 586 2055 620 ex
2090 567 2343 621 Cicerone
2376 586 2497 621 cum

317 649 561 703 Varrone
602 652 983 720 consentiente,
1023 652 1077 704 id
1118 656 1197 704 est
1227 684 1301 691 —
1334 654 1477 721 quod
1516 658 1599 707 tot
1638 655 1770 707 locis
1805 656 2000 709 diserte
2040 658 2298 725 probatur
2330 689 2398 695 —
2433 676 2498 710 cx

316 739 413 791 illo
445 739 738 792 hauriente.
790 740 956 793 Velut
987 742 1180 794 mirum
1215 746 1294 795 est
1328 741 1673 814 Spengelium
1714 743 1831 815 (qui
1863 764 1971 797 non
2003 746 2078 796 ita
2110 746 2309 798 multos
2348 746 2498 799 locos

315 830 599 896 parallelos
655 830 912 899 respexit,
967 831 1062 882 etsi
1113 831 1218 882 iam
1267 830 1534 885 Mercklin
1572 832 1764 884 Philol.
1806 832 1936 885 XIII
1974 853 2024 902 p.
2059 833 2162 885 687
2207 852 2267 886 eo
2308 853 2494 902 provo·

315 915 477 987 cavit)
519 917 585 969 ad
625 915 675 969 V
700 918 769 970 68
826 950 899 956 —
953 920 1179 971 fortasse
1220 919 1285 971 ab
1326 919 1541 973 Halmio
1581 940 1678 974 suo
1719 923 1985 974 monitum
2035 954 2103 959 —
2153 923 2496 992 adscripsisse

313 1005 477 1057 verba
526 1006 723 1058 similia
770 1025 833 1060 ex
884 1006 1115 1060 Firmico
1155 1007 1398 1061 Materno
1450 1010 1513 1061 de
1561 1029 1735 1062 errore
1780 1011 2123 1079 profanarum
2173 1011 2495 1081 religionum

314 1113 487 1163 neque
526 1095 960 1148 animadvertisse
1000 1097 1081 1149 illi
1122 1095 1429 1149 Ciceronem
1470 1103 1739 1151 auctorem
1789 1118 1902 1151 esse
1943 1100 2004 1152 de
2044 1104 2234 1152 natura
2274 1101 2494 1153 deorum

315 1182 405 1253 (cf.
452 1186 571 1235 test.
630 1185 695 1236 ad
734 1185 828 1253 22,
869 1183 949 1254 2);
1008 1203 1179 1254 neque
1235 1187 1414 1238 deesse
1470 1188 1668 1240 similes
1718 1189 1864 1241 locos
1913 1207 1976 1241 ex
2031 1189 2408 1242 ‘testimoniis'
2466 1209 2497 1241 a

312 1272 469 1324 nobis
521 1273 804 1340 adscriptis
855 1274 1158 1342 perspicies.
1252 1273 1420 1336 Quem
1473 1295 1788 1329 consensum
1840 1278 2095 1346 explicari
2135 1296 2199 1330 ex
2238 1277 2495 1331 Varronis

311 1360 712 1429 Antiquitatum
763 1361 916 1414 libris
957 1362 1210 1415 adhibitis
1251 1364 1555 1416 coniectura
1596 1369 1675 1417 est
1715 1369 1767 1417 et
1818 1384 1987 1434 prona
2028 1370 2079 1418 et
2130 1364 2494 1437 probabilis.1)

314 1449 650 1518 Quamquam
706 1451 924 1502 minime
981 1452 1245 1503 credimus
1286 1451 1581 1506 Varronem
1639 1472 1847 1522 semper
1895 1456 1959 1506 ad
2012 1455 2228 1507 verbum
2271 1456 2392 1508 illos
2432 1474 2497 1508 ex

314 1538 749 1607 Antiquitatibus
789 1540 1205 1609 'transcripsisse
1259 1543 1429 1594 locos:
1484 1544 1651 1595 immo
1707 1544 1759 1595 in
1818 1544 2146 1612 excerpendo
2202 1544 2363 1596 verba
2414 1563 2496 1598 ac-

313 1629 674 1680 commodavit
728 1630 1109 1698 grammaticae
1163 1631 1359 1683 rationi
1415 1631 1785 1700 disposuitque
1841 1633 2053 1702 singula
2104 1637 2265 1701 prout
2318 1652 2494 1686 rerum

315 1717 682 1769 condicionem
736 1717 1008 1786 postulare
1064 1719 1148 1771 vel
1203 1720 1483 1772 commodo
1541 1721 1795 1773 inservire
1852 1722 2087 1774 credidit.
2188 1721 2377 1791 Neque
2431 1739 2496 1774 ex

313 1806 442 1859 solis
474 1805 911 1874 Antiquitatibus
951 1807 1192 1860 hausisse
1233 1827 1370 1878 eum,
1411 1810 1503 1862 sed
1544 1810 1703 1861 etiam
1745 1810 1850 1862 alia
1883 1828 2042 1878 opera
2075 1830 2170 1863 sua
2202 1810 2495 1880 inspexisse

314 1899 728 1947 consentaneum
783 1900 1049 1965 putamus
1153 1896 1236 1949 Ne
1292 1898 1347 1949 in
1402 1899 1631 1966 septimo
1690 1899 1903 1967 quidem
1959 1900 2097 1952 libro
2161 1900 2294 1952 tales
2348 1901 2495 1953 locos

313 2002 637 2053 quamquam
676 1985 904 2037 rariores
947 1989 1070 2037 sunt
1109 2004 1328 2054 prorsus
1369 1987 1622 2040 deficiunt
1665 1988 1753 2058 (cf.
1790 1987 1954 2040 Goetz
1987 1988 2019 2040 l.
2047 2007 2084 2041 s.
2111 2007 2148 2040 S.
2174 2008 2224 2057 p.
2254 1989 2321 2040 13
2340 1987 2494 2059 sqq).

313 2072 458 2135 Quae
484 2074 526 2125 si
553 2074 907 2142 probabiliter
932 2075 1204 2143 disputata
1229 2093 1342 2127 esse
1374 2077 1710 2142 videbuntur,
1735 2076 2140 2129 Reitzensteinii
2167 2086 2238 2148 (p.
2267 2078 2335 2130 39
2355 2075 2494 2147 sqq.)

312 2162 645 2232 sententiam,
686 2163 779 2231 qui
816 2164 1069 2232 pleraque
1107 2182 1218 2216 non
1257 2163 1528 2232 VarroniS,
1584 2166 1675 2217 sed
1714 2164 1857 2217 Aelii
1897 2164 2120 2218 Stilonis
2160 2185 2288 2235 esse,
2343 2167 2494 2219 cuius

313 2252 689 2304 tractationem
730 2251 901 2304 Varro
957 2253 1013 2304 in
1066 2254 1228 2323 longe
1282 2254 1529 2322 plurimis
1586 2258 1638 2307 et
1683 2255 1739 2306 in
1785 2257 1901 2307 tota
1948 2256 2294 2324 dispositione
2343 2274 2493 2309 suam

314 2340 529 2392 fecisset
581 2344 633 2392 et
684 2341 759 2393 ita
800 2341 1035 2411 quidem,
1074 2345 1135 2393 ut
1175 2343 1386 2412 singula
1427 2362 1583 2412 saepe
1624 2348 2010 2413 corrumperet,
2050 2363 2114 2397 ex
2155 2345 2301 2396 omni
2341 2347 2491 2413 parte

312 2428 771 2482 labefactavimus:
834 2449 955 2483 nam
1019 2434 1288 2499 quotquot
1341 2431 1487 2484 locos
1542 2452 1606 2485 ex
1661 2432 1815 2485 Aelio
1873 2433 2195 2501 derivamuS,
2259 2451 2323 2485 ex
2386 2450 2492 2501 quo

313 2517 491 2585 plures
533 2536 659 2570 sane
700 2519 973 2571 derivandi
1015 2523 1140 2572 sunt
1180 2539 1339 2588 quam
1382 2521 1575 2573 diseite
1617 2521 1849 2590 scriptor
1887 2525 2130 2588 testatur,
2169 2522 2223 2572 in
2267 2521 2492 2574 totidem

313 2606 431 2658 aliis
472 2607 631 2659 rebus
672 2608 737 2659 ab
770 2607 927 2659 Aelio
967 2626 1078 2661 non
1116 2610 1344 2678 pendere
1378 2609 1678 2663 Varronem
1718 2611 2059 2680 perspicuum
2100 2611 2176 2678 fit,
2215 2613 2277 2662 ut
2307 2610 2493 2663 funda-

312 2699 506 2764 menta,
540 2696 736 2764 quibus
769 2700 945 2750 totum
978 2698 1278 2751 aedificium
1312 2699 1628 2767 impositum
1663 2703 1743 2751 est
1775 2699 2082 2751 dilabantur
2114 2703 2166 2750 et
2198 2698 2491 2751 concidant.

311 2783 500 2853 Neque
555 2788 697 2838 recte
751 2789 1006 2854 putamus
1059 2805 1123 2840 ex
1177 2789 1338 2839 meris
1391 2788 1710 2840 coniecturis
1762 2788 1838 2841 sic
1877 2791 1931 2839 et
1967 2786 2182 2839 Aelium
2224 2791 2276 2839 et
2314 2787 2491 2855 ipsum

312 2873 610 2926 Varronem
664 2876 825 2945 longe
879 2875 1014 2928 alios
1065 2877 1198 2946 fingi
1248 2895 1309 2929 ac
1364 2877 1590 2930 describi
1644 2895 1802 2945 quam
1845 2877 1937 2944 qui
1976 2877 2254 2944 utriusque
2293 2876 2492 2945 scripta

314 2962 503 3015 melius
542 2963 835 3015 noscebant
870 2965 1165 3033 antiquitus
1197 2966 1542 3018 tradiderunt.
1606 2963 1708 3019 Sed
1740 2983 1883 3018 nunc
1915 2965 1979 3016 ad
2011 2964 2235 3018 triadem
2269 2963 2490 3018 alteram

311 3035 572 3104 librorum
613 3050 870 3104 VIII—X
926 3056 1279 3123 transeamuS,
1335 3073 1561 3123 quorum
1613 3054 1981 3107 condicionem
2030 3053 2190 3124 longe
2230 3052 2490 3106 diversam

313 3158 425 3192 esse
464 3141 619 3193 facile
658 3141 1003 3213 intellegitur.

463 3229 748 3282 Secunda
797 3231 964 3301 igitur
1013 3250 1158 3300 pars
1210 3234 1447 3302 operis,
1490 3250 1625 3301 quae
1664 3233 1730 3285 ab
1774 3235 1960 3285 octavo
2001 3231 2140 3284 libro
2181 3231 2386 3300 incipit,
2425 3230 2491 3282 ad

313 3318 675 3389 analogiam
732 3322 791 3372 et
845 3321 1224 3373 anomaliam
1276 3322 1532 3390 pertinet,
1588 3340 1723 3390 quae
1778 3321 2140 3373 controversia
2193 3339 2224 3372 a
2274 3317 2489 3372 Graecis

313 3410 530 3475 accepta
569 3408 711 3476 apud
750 3407 1021 3461 Romanos
1061 3427 1273 3477 quoque
1325 3409 1502 3462 studia
1552 3410 1786 3478 plurima
1824 3412 1878 3461 et
1924 3410 2177 3462 acerrima
2226 3407 2487 3461 excitavit.

463 3628 506 3684 1)
538 3627 607 3671 De
638 3626 846 3672 Varrone
879 3626 1113 3672 Ciceronis
1145 3627 1335 3671 auctore
1365 3627 1415 3671 in
1454 3627 1644 3671 deorum
1681 3627 1838 3672 indice
1879 3627 1936 3671 de
1966 3642 2012 3671 n.
2045 3627 2088 3671 d.
2120 3626 2186 3670 ΙΙΙ
2207 3630 2277 3670 42.
2311 3629 2368 3670 53
2386 3639 2486 3683 sqq.

312 3702 421 3757 post
466 3700 584 3745 alios
624 3702 672 3745 et
710 3703 871 3746 contra
901 3700 1156 3746 Rudolfum
1187 3700 1348 3745 Hirzel
1395 3700 1535 3759 (‘Ber.
1569 3701 1652 3745 der
1680 3701 1726 3745 k.
1749 3700 1918 3745 Sachs.
1951 3700 2055 3745 Ges.
2089 3700 2133 3745 d.
2166 3699 2336 3760 W.'·a.
2372 3703 2485 3744 1896

313 3789 360 3831 p.
387 3778 472 3819 304
490 3776 608 3832 sqq.)
655 3775 916 3831 disputavit
945 3775 1126 3820 Bobeth
1161 3775 1246 3819 ‘dc
1275 3774 1432 3819 indice
1464 3775 1681 3818 deorum’
1717 3775 1825 3820 diss.
1859 3775 1984 3832 Lips.
2017 3789 2058 3819 a.
2093 3777 2207 3818 1904
2237 3789 2284 3831 p.
2310 3778 2368 3817 24
2385 3787 2485 3830 sqq.
2586 3776 2589 3780 '
