2600 4198
1010 143 1483 190 ADNOTATIONES
2229 145 2337 198 263

207 307 210 310 ·
311 290 397 350 65,
425 290 491 336 23
510 302 578 348 sq.
618 286 916 335 Vortunalia
949 289 992 334 et
1013 285 1264 334 Vorturno
1289 286 1381 345 (sic
1412 287 1556 334 etiam
1571 284 1665 346 F0)
1689 285 1815 345 quod
1848 287 1915 332 est
1943 286 1997 332 in
2029 288 2338 348 apoyraphiS,

160 372 247 420 etsi
286 372 342 418 in
371 371 424 418 F
450 371 568 430 quin
610 370 839 417 exstit-erit
878 382 976 416 non
1007 368 1300 423 dubitamus,
1343 370 1503 414 tamen
1535 367 1601 414 ad
1633 367 1857 426 priscum
1888 369 2073 426 tempus
2099 371 2338 427 pertinere

155 466 415 513 neyamus:
444 451 462 498 1
493 453 694 498 testatur
723 451 776 498 F
803 449 919 498 VII
944 449 1015 497 45
1046 452 1090 497 et
1117 450 1247 497 Fest.
1271 448 1420 496 Pauli
1453 450 1585 505 379,
1609 449 1646 496 2
1676 462 1785 495 cnm
1816 448 2122 496 calendariis.
2164 450 2338 510 Itaque

157 533 437 582 addendum
483 533 568 580 hoc
616 532 843 592 exemplis
889 544 1013 590 quae
1046 530 1332 590 Weissbrodt
1378 528 1637 577 Comment.
1674 530 1796 589 phil.
1830 529 1935 577 Ien.
1979 530 2060 576 VI
2083 532 2120 578 2
2141 546 2194 591 Ρ.
2232 533 2338 579 160

156 615 352 674 colleyit,
383 614 466 674 qui
495 615 612 662 haec
643 615 687 660 et
715 613 819 660 alsia
851 627 907 660 ex
939 612 1178 661 Varronis
1209 612 1366 659 codice
1397 611 1593 670 adferre
1615 613 1786 671 potuit.

307 704 391 764 66,
417 705 463 752 4.
503 705 620 751 vino
650 705 772 751 recte
803 704 954 750 omitti
984 716 1093 749 cnm
1115 701 1265 748 Pauli
1287 701 1431 748 Festo
1462 704 1563 748 tam
1592 702 1827 748 sententia
1849 701 2029 760 probat
2057 717 2204 761 qaam
2234 717 2338 749 ver—

154 799 240 833 sus
283 777 481 851 (septen.
512 786 658 833 iamb.
692 799 801 832 cum
832 783 1016 844 duplici
1054 783 1396 830 alliteratione:
1438 776 1623 828 novfim
1653 784 1795 829 vetus
1827 777 2001 829 vinnm
2031 782 2168 831 bibo:
2207 800 2335 832 novo

156 861 313 915 veteri
344 867 515 916 morbo
547 862 759 922 medeor,
789 867 874 913 ‘abi
904 861 1062 914 veteri
1093 879 1222 912 novo
1253 862 1425 911 morbo
1457 857 1658 909 medeor
1680 862 1880 910 Zander
1904 863 2035 911 Vers.
2058 865 2172 911 Ital.
2198 881 2249 924 p.
2270 866 2339 913 45

159 951 201 995 el
240 950 488 997 saturnios
530 949 795 996 discribens
826 947 928 994 Leo
972 946 1029 994 de
1070 947 1161 994 sat.
1184 960 1237 1005 p.
1266 946 1360 992 63:
1400 960 1580 992 novom
1613 945 1756 992 vetus
1788 944 1958 991 vinum
1998 944 2136 993 bibo:
2167 942 2184 1010 ΙΙ
2214 962 2341 995 novo

157 1030 314 1077 veteri
349 1023 354 1096 Ι
390 1029 560 1077 morbo
592 1022 829 1095 medeor).

308 1119 392 1178 66,
420 1120 466 1166 5.
505 1118 616 1166 ideo
647 1133 736 1178 pro
769 1118 830 1165 ab
863 1133 920 1165 eo
952 1117 1080 1164 Boot
1110 1117 1139 1164 l.
1172 1131 1210 1164 3.
1244 1131 1280 1164 s.
1307 1131 1360 1176 p.
1396 1117 1516 1163 411.

309 1201 393 1260 66,
422 1202 467 1247 9.
512 1199 587 1260 Of.
623 1201 863 1249 Wissowa
897 1196 1028 1247 ‘Ges
1054 1193 1199 1246 Abh?
1223 1214 1278 1258 p.
1315 1198 1437 1253 157,
1464 1201 1509 1245 1.

306 1282 389 1343 66,
419 1283 484 1329 13
503 1296 600 1341 sqq.
641 1281 781 1330 Nihil
813 1283 906 1341 eyit
928 1281 1182 1329 Baehrens
1212 1281 1266 1328 in
1290 1280 1589 1328 Fleckeisen-i
1615 1277 1798 1327 Annal.
1828 1278 2067 1327 CXXXI
2085 1279 2153 1339 (a.
2175 1281 2342 1341 1885)

146 1379 199 1423 Ρ.
221 1366 253 1411 7
259 1363 341 1411 95.
378 1362 453 1423 Cf.
472 1364 747 1411 Mommsen
770 1362 904 1412 CIL.
922 1356 982 1410 1²
1000 1378 1053 1423 p.
1069 1364 1193 1417 338,
1215 1362 1455 1410 W'issowa
1469 1362 1575 1421 (qui
1599 1361 1656 1408 de
1673 1361 1935 1409 servilibus
1953 1361 2162 1422 dubitat)
2179 1357 2342 1411 ‘Areia

156 1447 190 1506 f.
217 1442 635 1506 Reliyionsyesch?
672 1446 786 1494 VII
811 1446 878 1505 (a.
913 1444 1080 1505 1904)
1104 1460 1156 1505 Ρ.
1188 1443 1256 1491 50
1288 1443 1426 1499 adn,
1458 1442 1822 1504 Domaszewskl
1854 1443 1967 1491 ibid.
1996 1444 2048 1490 X
2079 1443 2145 1503 (a.
2176 1446 2342 1505 1907)

147 1543 203 1587 Ρ.
229 1529 354 1584 336,
372 1529 403 1574 4
432 1550 487 1564 =
515 1524 658 1575 ‘Aba
686 1543 725 1576 ε.
750 1543 790 1574 r.
816 1523 940 1575 Rel.'
976 1525 1044 1587 (a.
1074 1525 1241 1585 1909)
1265 1540 1319 1585 Ρ.
1350 1527 1470 1581 174,
1490 1527 1522 1572 4
1548 1523 1655 1584 (qni
1688 1524 1945 1573 servilibus
1978 1527 2199 1585 tutatur).
2248 1542 2344 1574 ser-

154 1624 328 1656 vorum
360 1608 491 1656 diem
523 1611 895 1656 commemorant
923 1607 1220 1656 Fest.Paali
1243 1622 1295 1666 p.
1329 1608 1480 1662 343³,
1509 1609 1555 1662 7,
1590 1607 1720 1654 Plut.
1755 1607 1842 1668 Qu.
1866 1607 1928 1656 R.
1965 1610 2083 1656 100.

306 1698 390 1759 67,
419 1701 463 1745 1.
513 1690 825 1764 (annalibus)
858 1713 1019 1759 neque
1052 1696 1253 1745 statutis
1290 1695 1453 1744 Groth.
1507 1695 1718 1744 necdum
1751 1696 1952 1744 statutis
1987 1696 2157 1746 Canal.
2214 1715 2343 1746 nunc

155 1794 244 1826 nec
276 1779 479 1827 statutis
503 1780 635 1827 Ellis
667 1781 695 1826 l.
721 1794 759 1827 3.
785 1794 821 1827 3.
850 1795 898 1838 Ρ.
928 1780 1038 1826 360
1062 1778 1164 1827 coll.
1199 1778 1279 1825 VI
1301 1779 1371 1825 62
1403 1781 1445 1825 el
1478 1778 1591 1825 VII
1609 1780 1694 1825 34.
1738 1778 1912 1825 Totam
1936 1779 2092 1826 locam
2123 1782 2348 1828 tractavit

153 1861 430 1908 Mommsen
458 1860 591 1909 ΟΠ..
618 1861 655 1907 I
661 1855 679 1886 ²
701 1877 755 1921 p.
776 1860 883 1908 305
917 1863 961 1908 et
984 1855 1314 1907 ‘Staatsrecht’
1341 1859 1413 1906 II
1441 1853 1496 1907 13
1519 1874 1572 1918 Ρ.
1596 1861 1665 1906 40
1683 1860 1797 1907 adn.
1842 1861 1934 1907 Viae
1955 1864 2076 1908 recte
2101 1861 2158 1908 de
2186 1885 2241 1898 =
2267 1862 2343 1909 die

154 1942 401 2002 defendas.
449 1944 573 1991 Moac
602 1942 817 1991 vialibus
851 1943 957 2001 (ubi-
989 1941 1338 2004 compitalibus
1370 1941 1516 2001 Mae)
1551 1943 1695 1988 etiam
1732 1940 1905 1997 Canal,
1936 1942 2124 1990 Preller
2154 1945 2343 2003 mythol.

154 2017 241 2071 R.2
262 2039 316 2084 p.
336 2026 443 2072 493
462 2025 599 2081 adn„
625 2026 928 2082 Mommsen,·
961 2025 1020 2083 cf.
1044 2017 1205 2071 Plaut.
1231 2024 1383 2070 Merc.
1406 2023 1528 2079 865,
1561 2022 1692 2071 Serv.
1719 2025 1773 2071 in
1796 2021 1919 2071 Aen.
1937 2024 2040 2070 III
2063 2026 2182 2072 168.
2211 2027 2346 2082 302,·

155 2106 280 2155 adde
315 2107 554 2155 Wissowa
588 2102 720 2155 ‘Ges
745 2102 891 2155 Abhff
916 2122 970 2166 Ρ.
1003 2107 1112 2154 237
1130 2120 1199 2165 sq.

306 2197 392 2256 67,
418 2197 464 2243 3.
506 2191 822 2260 quot<quot>
853 2195 995 2243 annis
1026 2194 1108 2255 Sp.
1142 2194 1278 2255 (item
1305 2196 1389 2250 76,
1418 2196 1503 2250 12,
1528 2193 1640 2253 al.).·
1685 2197 1738 2241 al
1766 2195 1825 2253 cf.
1851 2195 2013 2242 Macr.
2040 2195 2077 2241 Ι
2105 2198 2189 2252 16,
2210 2198 2255 2251 6,
2282 2198 2343 2243 al.

308 2278 391 2339 67,
419 2279 466 2326 6.
510 2277 583 2338 Cf.
620 2279 858 2327 Wissowa
891 2274 1063 2337 ‘Ram
1094 2292 1141 2324 u.
1175 2276 1359 2324 Kallas
1392 2277 1437 2323 d.
1470 2272 1551 2323 R?
1577 2291 1630 2336 p.
1665 2277 1776 2324 338
1806 2277 1919 2324 adn.
1953 2278 2001 2324 8.

307 2360 392 2421 67,
418 2360 534 2419 834.
585 2360 809 2407 homines
853 2353 1057 2423 [pagus]
1103 2357 1265 2406 Christ
1304 2358 1358 2405 in
1400 2358 1609 2417 Woelffl.
1640 2356 1789 2406 Arch.
1821 2358 1892 2405 II
1929 2360 2036 2407 622
2068 2374 2345 2419 perperam,

155 2455 311 2500 neque
338 2442 515 2489 rectius
547 2456 716 2488 omnes
747 2442 868 2503 pagi
898 2441 1034 2488 Mae.

308 2523 393 2583 67,
421 2523 487 2571 13
505 2537 584 2584 39.μ
629 2522 703 2582 Cf.
735 2524 1011 2570 Mommsen
1044 2517 1288 2569 ‘Staatsr’
1322 2522 1392 2567 II
1422 2514 1477 2567 13
1500 2535 1553 2580 Ρ.
1589 2523 1660 2568 39
1692 2522 1806 2569 adn.
1852 2520 1957 2581 (abi
2000 2524 2142 2570 habet
2182 2523 2243 2570 ab
2288 2540 2345 2572 eo

157 2604 289 2665 quod
317 2607 358 2650 el
380 2606 551 2651 omittit
577 2604 681 2652 eius
707 2605 902 2652 mensis.
943 2603 1005 2650 ab
1031 2619 1103 2659 eo,
1129 2603 1255 2662 qaod
1277 2603 1480 2650 meliora
1505 2604 1790 2663 apoyrapha
1811 2618 1910 2651 non
1940 2605 2115 2652 habent
2136 2601 2345 2666 [bonam

150 2700 244 2745 per
273 2683 366 2746 se],
402 2700 458 2733 ex
497 2685 809 2733 deterioribus
848 2685 1139 2744 quibusdam
1179 2685 1532 2744 exemplaribus
1572 2685 1868 2733 commendat
1891 2684 2171 2734 Anionibon
2193 2703 2245 2747 p.
2273 2689 2343 2734 73

158 2781 266 2814 σαγη
295 2764 456 2828 [F”];
487 2767 664 2815 scilicet
692 2766 881 2815 Laetus
911 2781 1032 2814 usas
1065 2770 1133 2814 est
1162 2767 1284 2814 libro
1316 2754 1530 2814 eiusdem
1561 2767 1809 2814 deterioris
1840 2767 2017 2826 nolae).

310 2856 393 2917 68,
421 2857 466 2903 3.
523 2856 601 2904 die
648 2858 697 2904 te
746 2856 910 2918 quinti
956 2859 999 2903 et
1044 2854 1243 2918 septimi
1291 2854 1369 2902 die
1415 2857 1465 2902 te
1505 2859 1771 2915 praeeunte
1822 2855 2029 2904 Christio
2070 2859 2344 2906 Mommsen

160 2933 403 2986 ‘Staatsrf
435 2938 507 2984 II
544 2932 598 2985 13
619 2954 673 2998 p.
708 2940 779 2987 39
811 2938 924 2986 adn.
959 2936 1057 2998 (bis
1087 2936 1286 2986 novella
1317 2952 1425 2985 cam
1455 2953 1484 2984 v
1525 2936 1670 2996 corr).
1704 2964 1773 2970 ——-
1805 2933 1964 3002 (aut)
1997 2940 2178 3000 septies
2211 2939 2343 2988 dicto

152 3019 356 3067 Zander
389 3016 550 3069 ‘Vers
582 3017 717 3068 Iz‘al.²
750 3036 798 3081 p.
830 3022 917 3070 24.

311 3108 394 3171 68,
423 3109 468 3156 6.
507 3108 560 3156 in
583 3109 755 3157 urbem
778 3104 908 3174 (ex)
931 3110 1064 3174 agris
1100 3111 1181 3159 Wi
1205 3102 1281 3174 (at
1304 3105 1365 3171 cf.
1392 3110 1715 3157 testimonium
1738 3109 1983 3158 Macrobii
2016 3110 2101 3172 qui
2132 3111 2183 3157 in
2210 3112 2343 3174 agris

161 3192 324 3237 essent
355 3190 598 3238 confluere
629 3191 683 3237 in
713 3188 923 3257 urbem).

314 3272 399 3331 69,
429 3273 474 3318 2.
519 3270 593 3331 O'f.
626 3272 792 3333 Beryk
825 3272 912 3333 Op.
944 3273 1051 3332 Ip.
1088 3272 1286 3332 57Ssq.

312 3353 395 3414 69,
424 3353 469 3400 5.
517 3354 594 3401 De
625 3354 854 3415 asyndelo
885 3355 945 3414 cf.
977 3354 1212 3402 Heidrich
1235 3369 1289 3414 p.
1325 3356 1393 3401 31
1436 3355 1568 3414 (cum
1601 3355 1840 3402 Muellero
1879 3356 2070 3413 faciwnl
2105 3354 2264 3403 Oanal
2303 3359 2346 3403 et

148 3434 473 3494 ''Mommsen).

192 3511 195 3513 ’
232 3530 234 3533 ·
313 3517 398 3577 69,
426 3518 508 3564 10.
548 3516 835 3580 ambigebat
855 3518 1036 3578 probat
1065 3519 1341 3566 Mommsen
1374 3514 1618 3565 ‘Staalsr.'
1651 3518 1722 3564 II
1751 3511 1806 3564 13
1827 3532 1880 3576 p.
1917 3517 1984 3565 51
2019 3518 2131 3565 adn.

313 3599 398 3659 69,
425 3599 507 3646 14.
549 3597 624 3658 Of.
653 3597 706 3646 Ο.
723 3599 1006 3658 Hirschfeld
1028 3600 1198 3648 Herm.
1218 3597 1368 3648 'VIII
1387 3600 1494 3645 469
1513 3613 1639 3659 sqq.;
1669 3601 1872 3645 notatur
1893 3600 2019 3659 falso
2042 3600 2119 3646 hic
2143 3602 2186 3646 et
2206 3599 2343 3658 infra

150 3693 248 3740 epro
265 3681 481 3727 ..vocatur
511 3680 612 3727 coll.-
637 3680 795 3728 Festo.
804 3695 857 3740 p.
893 3682 962 3728 16
969 3674 1034 3737 5⁶,
1061 3680 1131 3728 15
1162 3681 1421 3728 correxisse
1445 3678 1774 3740 Augustinum
1808 3681 2021 3739 aliosque
2051 3682 2239 3727 monuit
2259 3679 2342 3740 Sp.

153 3761 316 3820 praef.
341 3776 394 3821 p.
430 3761 742 3820 XXVIsqa‘.
772 3800 793 3805 ,.
1822 3762 1826 3767 ·
