2600 4198
1029 166 1502 212 ADNOTATIONES
2246 168 2316 220 29
2325 169 2353 221 1

173 310 364 361 scilicet
395 310 491 357 erit
532 308 780 371 particula
812 324 870 355 ex
913 307 1002 356 illa
1034 307 1329 356 decennaria
1363 307 1536 356 Canal.
1586 308 1755 369 Neque
1787 309 2035 357 vicenaria
2066 323 2216 369 neque
2248 325 2356 357 cen-

177 392 372 440 tenaria
403 405 511 439 eum
552 392 675 450 ferri
707 391 879 449 possit,
922 390 1095 437 melius
1137 391 1342 450 fortasse
1372 392 1630 448 utrimnque
1660 390 1881 438 secludas
1924 393 2171 453 tamquam
2201 391 2357 451 inepte

171 474 393 521 additum
424 487 570 532 quam
611 473 899 519 mutationes
942 471 1179 518 cumules:
1223 474 1344 519 certe
1385 471 1508 518 nihil
1547 471 1852 520 desideratur
1882 473 1926 519 si
1969 472 2124 532 leyas:
2167 487 2225 519 ex
2265 472 2358 520 illa

174 553 388 602 formula
420 554 762 617 analogiarum
796 552 855 600 de
888 568 987 614 qua
1018 567 1168 613 supra
1201 551 1316 599 dixi.

315 642 432 690 ibid.
492 640 565 697 Of.
605 641 718 688 Liv.
759 641 1022 689 XXVIII
1061 642 1147 695 24,
1186 642 1254 687 13
1303 634 1378 706 (G.
1426 640 1632 688 Albium
1681 639 1917 688 Calenum
1966 644 2015 689 et
2064 640 2113 689 O.
2154 641 2355 689 Atrium

167 716 458 789 Umbrum),
505 724 589 771 ubi
627 737 736 770 cum
766 722 964 770 Schulze
998 738 1050 782 p.
1084 723 1193 769 269
1210 735 1277 781 39.
1326 722 1383 769 de
1429 723 1688 769 annalium
1733 724 1981 781 scriptoris
2024 723 2135 771 lusu
2177 725 2353 784 coquet,

166 805 373 866 neglexit
402 820 526 865 quae
567 820 623 852 ex
658 804 752 852 Cic.
784 803 956 851 Scaur.
990 805 1062 850 30
1096 802 1228 862 (cum
1258 803 1400 850 schol.
1433 802 1595 863 Bob).
1658 804 1716 851 dc
1748 803 1843 851 div.
1877 804 1949 850 II
1975 806 2058 852 46.
2104 805 2213 853 Tac.
2245 806 2353 852 hist.

168 886 259 936 IV
289 887 357 934 53
387 889 591 947 itemque
623 901 678 934 cx
707 885 1102 944 inscriptionibus
1132 884 1424 944 quibusdam
1456 884 1728 932 didicimus.

321 977 441 1036 183,
469 977 552 1023 14.
592 975 870 1022 diiunctum
903 988 1012 1022 cum
1041 973 1169 1033 vulg).
1197 971 1350 1021 Groth
1382 972 1482 1019 coll.
1520 972 1727 1034 Georyes
1759 988 1796 1021 3.
1830 973 2055 1037 deiungo.

317 1057 438 1118 183,
465 1059 548 1106 21.
593 1056 669 1116 Of.
691 1056 862 1104 Herm.
887 1053 1103 1103 Schmidt
1130 1054 1295 1102 Doctr.
1330 1057 1465 1114 temp.
1502 1070 1657 1115 expos.
1688 1055 1852 1103 histor.
1885 1055 1957 1101 II
1970 1071 2024 1115 p.
2055 1057 2135 1103 19.

321 1139 441 1200 183,
469 1140 551 1188 23.
593 1138 920 1202 praesagiunt
949 1136 1116 1197 Sciop:
1148 1138 1199 1184 at
1229 1137 1288 1196 cf.
1326 1135 1489 1184 Christ
1516 1137 1688 1184 Philet.
1716 1137 1860 1185 XVI
1874 1152 1928 1197 p.
1964 1137 2084 1185 453.

316 1222 436 1282 184,
464 1222 493 1267 2
512 1235 580 1280 39.
620 1220 793 1268 infecti
825 1221 882 1266 ut
913 1220 1024 1284 lego
1058 1213 1150 1282 [et]
1188 1221 1230 1265 et
1267 1218 1475 1280 perfecti
1504 1221 1564 1265 ut
1602 1218 1703 1281 legi
1737 1212 1834 1282 [et]
1858 1217 1941 1278 Sp.
1967 1219 2259 1267 dubitanter:
2303 1223 2356 1268 at

164 1304 222 1363 cf.
255 1301 343 1349 IX
371 1304 454 1351 96.
492 1305 595 1350 101
623 1300 806 1362 (Mite).

318 1385 438 1445 184,
467 1384 548 1431 16.
590 1385 633 1431 si
665 1399 776 1431 cum
813 1382 986 1439 Canal‚
1009 1385 1207 1442 praeter
1236 1396 1352 1431 rem.

227 1479 229 1481 ’
315 1466 436 1526 184,
464 1467 646 1526 18399.
688 1465 748 1512 ab
780 1467 930 1525 recto,
964 1480 1076 1511 cum
1106 1463 1159 1511 in
1191 1464 1234 1511 d.
1269 1479 1311 1511 o.
1338 1463 1381 1510 d.
1416 1478 1454 1511 c.
1490 1466 1532 1510 et
1561 1464 1683 1511 recti
1715 1479 1825 1511 cum
1859 1464 2113 1511 confluunt
2144 1465 2195 1511 in
2229 1481 2270 1513 o.
2305 1483 2350 1512 u.

172 1545 344 1595 Ganal.

314 1629 434 1688 185,
462 1630 508 1676 9.
548 1630 606 1676 ut
639 1621 760 1694 (pro
791 1622 874 1694 ul)
908 1643 1084 1690 prosus
1117 1630 1167 1675 et
1196 1643 1337 1676 rosus
1374 1625 1548 1683 Canai,
1579 1628 1636 1673 ut
1667 1641 1775 1674 cum
1807 1627 1974 1675 Laeto.

317 1710 436 1771 185,
466 1713 547 1757 11.
590 1705 700 1775 [ab]
732 1712 949 1771 utraque
986 1709 1172 1767 Canal;
1203 1709 1264 1757 ab
1296 1711 1508 1770 utroque
1541 1702 1624 1768 Sp.

313 1793 433 1855 185,
461 1794 525 1840 21
546 1806 614 1852 39.
653 1792 905 1841 Pluralem
936 1791 1121 1840 Martes
1146 1792 1406 1839 obscurare
1428 1790 1691 1845 noluimus,
1716 1805 1824 1837 cum
1848 1792 2049 1850 coffitari
2071 1793 2231 1851 possit
2251 1806 2352 1839 non

159 1875 323 1920 minus
365 1888 513 1934 quam
555 1873 697 1922 Ioves
720 1889 827 1925 „seu
869 1873 1149 1934 Iuppiteres
1193 1873 1328 1932 apud
1368 1874 1532 1931 ipsum
1567 1872 1835 1920 Varronem
1877 1876 1967 1920 sat.
1992 1873 2128 1920 Men.
2166 1872 2348 1922 58213.

162 1947 311 2020 (adde
344 1954 492 2002 VIII
520 1957 589 2003 74
623 1959 664 2002 et
685 1955 846 2003 Plaut.
876 1954 986 2003 Cas,
1014 1956 1119 2002 334
1152 1954 1357 2001 humani
1388 1946 1554 2019 Ioves)
1598 1953 1839 2013 latiusque
1872 1956 2095 2013 patentes
2136 1954 2349 2002 Iunones

159 2035 377 2084 Veneres
402 2040 446 2085 et
467 2038 574 2085 sim.
602 2038 745 2085 etiam
769 2036 954 2085 Martes
980 2037 1129 2084 dictos
1155 2050 1266 2091 esse,
1292 2036 1584 2095 praesertim
1609 2050 1718 2083 cum
1743 2038 1887 2083 etiam
1913 2037 2034 2092 188,
2055 2037 2136 2084 18.
2174 2038 2295 2092 189,
2316 2040 2344 2083 1

48 2179 50 2182 .
152 2117 372 2178 pluralis
401 2120 655 2166 nominum
675 2120 994 2179 propriorum
1025 2118 1355 2178 defendendus
1385 2118 1460 2165 seit.

316 2206 437 2267 185,
464 2207 548 2253 24.
589 2208 754 2268 aptius
783 2206 935 2254 Grotk
970 2199 1199 2272 (fortasse
1231 2220 1339 2253 cum
1368 2204 1567 2262 Canale,
1599 2207 1697 2254 nisi
1728 2207 1772 2253 is
1804 2206 1972 2270 aptius
1999 2206 2178 2255 addere
2199 2208 2349 2255 voluit

160 2288 457 2336 coniecturae
488 2280 731 2354 apertius)
742 2306 757 2335 .·
788 2287 870 2335 sed
902 2290 961 2348 cf.
999 2289 1120 2344 186,
1148 2291 1194 2344 1,
1224 2287 1354 2335 unde
1384 2301 1483 2334 non
1513 2289 1670 2349 mayis
1693 2289 1751 2335 de
1776 2288 2050 2349 simplicius
2078 2289 2150 2336 vel
2181 2290 2348 2350 ampla

161 2370 481 2430 coqitandum.

310 2458 529 2519 185,28.
578 2453 737 2522 ea[m]
773 2451 895 2524 (scil.
923 2451 1170 2523 oratione)
1208 2456 1379 2506 Canai.
1431 2459 1524 2507 Vix
1548 2461 1722 2507 rectius
1739 2459 1862 2506 Mue
1886 2459 2067 2520 aliique
2091 2460 2148 2507 de
2180 2460 2239 2507 de
2263 2460 2343 2507 lit-

157 2541 278 2588 teris
306 2533 620 2606 (ostendunt)
636 2555 731 2599 per
755 2542 1131 2601 dittoyrapliiam
1153 2540 1380 2588 stabilitis
1404 2540 1704 2597 dubitarunt,
1729 2542 1815 2589 etsi
1839 2542 2086 2588 obscurior
2111 2544 2181 2588 est
2200 2541 2345 2588 locus.

160 2621 296 2682 Quod
338 2624 502 2670 variat
535 2623 961 2682 praepositionem,
1003 2622 1281 2683 siynisica-re
1312 2622 1501 2670 videtur
1536 2622 1803 2670 Varronem
1835 2624 2042 2683 coyitare
2074 2622 2132 2669 de
2163 2623 2345 2682 duplici

158 2704 430 2751 litterarum
453 2704 657 2759 notione,
681 2703 858 2751 scilicet
882 2705 1110 2752 elementa
1135 2696 1393 2770 (στοιχεῖα)
1409 2706 1617 2764 profecti
1642 2704 1698 2753 de
1722 2705 1914 2765 scriptis
1939 2704 2089 2765 (velut
2104 2704 2343 2764 Homero)

158 2783 324 2832 docent
353 2785 649 2832 litteratores,
695 2783 914 2833 Ceterum
944 2787 1055 2845 ipsa
1087 2786 1342 2833 verborum
1371 2786 1584 2844 repetitio
1607 2786 1789 2846 probat
1818 2786 1933 2834 olim
1963 2785 2171 2848 proficis
2187 2787 2242 2833 ci
2283 2785 2341 2832 de

158 2866 189 2913 1.
225 2870 267 2914 0ss
301 2868 533 2928 scriptum
563 2867 716 2927 fuisse
746 2860 828 2932 (=
861 2868 1209 2930 grammatici
1241 2867 1300 2914 de
1332 2867 1363 2914 l.
1398 2860 1479 2933 0.).

309 2955 429 3016 186,
458 2956 501 3002 7.
543 2972 693 3018 quam
719 2972 776 3003 ex
799 2955 1150 3019 singularibus,
1175 2951 1304 3020 (ex)
1327 2956 1665 3005 multitudinis
1696 2956 1855 3005 Canal
1880 2950 1947 3023 (et
1977 2960 2125 3004 antea
2156 2956 2342 3019 fingen-

158 3035 232 3085 dis
263 3036 526 3084 verborum
568 3038 742 3085 forma.
793 3032 1029 3104 facilius).
1081 3039 1204 3086 Mox
1245 3041 1384 3099 traps
1423 3037 1551 3086 Roth
1582 3039 1754 3086 Philet.
1791 3039 1965 3087 XVII
1987 3054 2041 3099 p.
2079 3040 2184 3085 176
2235 3053 2343 3085 cum

157 3118 302 3166 Mue:
334 3120 394 3178 cf.
427 3120 594 3166 testim.

312 3200 431 3260 186,
460 3201 542 3247 14.
588 3199 662 3260 Of.
687 3200 999 3263 Krumbieyel
1021 3217 1072 3261 p.
1105 3201 1186 3248 53.

309 3282 430 3341 186,
458 3281 540 3329 25.
580 3281 718 3330 usuis
751 3284 972 3343 expertes
995 3297 1092 3342 pro
1124 3282 1333 3345 dispersi
1360 3283 1484 3331 Boot
1514 3284 1544 3331 l.
1577 3299 1612 3331 3.
1640 3299 1677 3332 s.
1701 3299 1753 3344 p.
1784 3286 1906 3339 412,
1937 3299 2035 3331 non
2066 3284 2343 3344 intelleyens

60 3410 64 3413 Δ
156 3363 354 3410 stoicam
385 3362 655 3422 opinionem
685 3363 744 3411 de
773 3364 1010 3412 societatis
1039 3365 1285 3412 humanae
1314 3366 1603 3424 primordiis
1634 3380 1781 3424 quam
1813 3366 2035 3425 eoeprimit
2071 3364 2249 3412 Varro:
2282 3366 2339 3424 cf.

160 3442 256 3492 Cic.
296 3444 490 3492 deinv.
522 3443 560 3490 I
585 3458 622 3492 c.
657 3445 694 3492 2
737 3438 886 3511 (inter
927 3446 1030 3493 alia
1062 3446 1143 3508 qui
1190 3445 1436 3508 dispersos
1479 3446 1702 3494 homines
1745 3447 1797 3493 in
1842 3448 1974 3509 agris
2008 3483 2018 3494 .
2054 3483 2062 3492 .
2096 3481 2107 3493 .
2139 3448 2342 3507 propter

160 3525 407 3572 rationem
441 3527 490 3573 et
522 3527 796 3573 orationem
822 3526 1092 3576 studiosius
1125 3526 1382 3601 audientes
1416 3543 1474 3575 ex
1504 3528 1621 3575 feris
1654 3530 1704 3575 et
1734 3526 2030 3575 immanibus
2062 3527 2207 3574 mites
2231 3527 2341 3574 red-

157 3603 285 3654 didit
317 3607 367 3654 et
396 3603 704 3670 mansuetos)
737 3609 782 3655 et
809 3622 852 3655 v.
885 3610 1053 3656 testim.

232 3712 234 3715 ’
309 3696 430 3756 187,
458 3697 503 3743 1.
544 3688 691 3762 (non)
722 3696 911 3747 multae
942 3692 1306 3761 (offensiones)
1336 3696 1418 3758 Sp.
1458 3697 1617 3745 multa
1647 3697 1940 3745 inconcinna
1977 3695 2148 3744 Christ.

303 3776 430 3837 ,187,
456 3776 505 3825 5.
544 3791 684 3825 casus
715 3773 912 3842 <fi>nis
942 3777 1226 3826 litterarum
1262 3777 1433 3827 C'anat.

1899 3860 1983 3903 19*
