2600 4198
1016 135 1489 182 ADNOTATIONES
2237 135 2343 187 247

108 346 110 348 ¹
167 284 315 334 Cicer.
340 283 524 332 Parad.
550 284 628 330 etc.
645 296 700 341 p.
729 282 850 336 160,
871 282 902 327 9
926 279 1204 338 adnotavit,·
1226 279 1286 338 cf.
1311 277 1484 338 Stanyl
1509 272 1661 325 εΒενῑ.
1679 277 1800 337 phil.
1822 271 2172 324 Wochewschr?
2205 277 2348 323 1908

157 381 209 426 p.
246 365 403 413 1559.

316 456 362 515 7,
390 455 418 501 2
440 467 508 512 39.
557 451 689 514 quod
704 464 799 511 pro
827 466 926 512 qua
958 450 1099 499 Vertr
1120 449 1361 514 probante
1386 448 1537 505 Mue;
1568 462 1660 495 an:
1690 446 1870 508 siqua?
1904 472 1971 477 —
2008 461 2132 507 quas
2156 444 2346 492 radices

162 535 378 584 Skutsch.

315 625 362 684 7,
388 624 433 671 5.
481 622 650 681 Neque
682 622 935 684 agrarium
965 619 1206 680 Spenyelii
1245 632 1398 678 neque
1438 619 1683 681 agrestem
1715 616 1976 664 Stuenkelii
2020 610 2133 681 (quo
2165 617 2346 675 recepto

165 701 273 753 ‘aet
297 705 394 752 vid.
427 703 489 753 ad
523 698 812 767 agricolam’
831 701 894 750 A.
910 694 1017 767 Sp.)
1049 714 1200 761 neque
1231 697 1464 763 ἀγροῖκον
1495 699 1672 746 liabent
1700 699 1802 746 veri
1832 698 2211 753 similitudinem,
2243 699 2346 758 qui-

164 788 252 834 bus
291 785 682 846 temptaminibus
719 781 975 849 ἀγρώστην
1016 782 1208 830 addidit
1243 781 1463 836 Skutsch,
1503 779 1587 827 sed
1623 783 1679 827 ut
1714 779 1860 827 simul
1900 780 1957 826 de
1997 779 2200 826 delenda
2239 792 2348 826 voce

163 869 340 929 coyitet.
401 866 619 916 Ceterum
645 865 913 929 Agrasium
944 866 1055 912 ante
1085 877 1173 911 nos
1198 863 1325 910 Boot
1355 863 1383 909 l.
1409 876 1447 909 s.
1473 876 1510 909 s.
1538 854 1830 927 (agro<rum
1863 856 2151 921 domi>num
2182 853 2347 924 idern).

166 949 240 1009 of.
272 949 469 998 Schulze
501 943 626 995 ‘Zur
654 946 819 996 Gesch.
852 947 896 994 d.
930 947 960 993 l.
986 939 1214 1005 Eiyenn.⁹
1238 959 1291 1004 p.
1329 944 1448 991 115.
1483 945 1605 990 343.

315 1033 361 1091 7,
388 1032 433 1078 9.
472 1030 639 1091 potest
669 1023 826 1092 (aut)
858 1029 915 1074 ut
948 1027 1030 1075 Wi
1062 1030 1105 1074 et
1134 1026 1218 1073 Slc.

315 1114 360 1172 7,
388 1113 469 1159 14.
509 1126 665 1172 usque
696 1109 828 1157 idem
859 1108 1031 1157 vendit
1060 1107 1166 1167 Sp,
1201 1123 1358 1169 usque
1392 1105 1564 1154 vendit
1587 1106 1763 1154 Reiter.

315 1196 360 1253 7,
389 1195 471 1242 20.
512 1194 566 1239 in
599 1186 720 1256 quo]
754 1193 814 1251 cf.
838 1190 1074 1237 Heidricli
1095 1206 1149 1250 p.
1185 1191 1269 1237 39.

315 1277 361 1335 7,
389 1277 471 1322 21.
512 1274 692 1336 prioris
724 1275 847 1320 reete
878 1274 1065 1320 tutatur
1084 1271 1404 1319 Reitzenstein
1428 1285 1481 1330 p.
1506 1272 1590 1317 33.
1625 1296 1693 1301 --
1732 1267 1952 1317 Ueterum
1982 1282 2043 1316 ne
2065 1271 2179 1328 post
2208 1268 2350 1316 Ionia

162 1358 564 1418 distinqueremus
597 1370 705 1403 cuni
735 1354 815 1402 Sk.
848 1355 960 1401 inde
983 1354 1218 1413 prohibiti
1250 1367 1435 1408 sumus,
1468 1353 1594 1412 quod
1626 1353 1695 1399 sic
1728 1346 1920 1411 ‘tripleoe
1943 1346 2088 1398 Asia’
2117 1350 2348 1405 evaderet,

160 1454 284 1498 quae
315 1441 475 1486 tarnen
505 1437 645 1485 modo
680 1433 854 1484 ‘modis
893 1431 1098 1484 duobus’
1132 1436 1321 1483 dicitur.
1372 1434 1678 1495 Quamquam
1716 1433 1770 1480 in
1799 1434 1874 1480 his
1904 1446 2003 1480 non
2034 1433 2197 1479 oninia
2229 1434 2349 1479 satis

162 1521 425 1581 explanata
459 1533 558 1568 esse
588 1521 814 1579 fatemur.

316 1612 360 1669 7,
388 1610 470 1655 22.
512 1624 760 1656 summum
793 1602 914 1671 <1d>
945 1605 1031 1653 ubi
1063 1605 1384 1653 Reitzenstein
1406 1620 1459 1665 p.
1487 1607 1572 1661 33,
1603 1606 1724 1652 recte
1755 1619 1869 1666 pars
1905 1603 2008 1650 eius
2041 1603 2308 1650 vindicans.

313 1693 359 1752 7,
386 1691 469 1738 26.
522 1690 866 1749 DifficultateS,
910 1702 1032 1748 quas
1075 1688 1221 1735 verba
1264 1687 1503 1734 Varronis
1537 1701 1591 1734 em
1622 1686 1954 1734 Laurentiani
1995 1686 2240 1744 scriptura
2274 1699 2349 1731 ex-

159 1773 333 1828 hibent,
364 1771 586 1819 Schoellii
618 1771 888 1818 coniectura
920 1785 1067 1830 quani
1105 1771 1160 1816 in
1192 1772 1438 1829 apparatu
1474 1770 1732 1827 posuimus
1764 1768 1907 1828 facile
1937 1767 2170 1814 removeri
2205 1780 2350 1825 posse

158 1856 292 1903 visae
334 1856 475 1911 sunt,·
516 1869 671 1900 unum
703 1855 856 1899 ortum
892 1866 948 1899 eoo
978 1851 1003 1897 I
1045 1843 1157 1916 (per
1186 1850 1211 1897 Ι
1243 1866 1399 1897 unum
1431 1852 1609 1897 notant
1640 1842 1844 1915 Prisc.)*:
1887 1852 2028 1908 atque
2069 1862 2167 1895 non
2209 1848 2349 1895 niodo

163 1934 350 1985 Gellius
388 1935 672 1994 Noniusque
718 1934 865 1981 libros
904 1933 1121 1979 I—XX
1165 1931 1286 1992 (non
1327 1932 1486 1992 XXI)
1527 1931 1950 1992 comprehendunt,
1992 1945 2159 1977 veruin
2207 1931 2349 1977 etiam

151 2033 244 2078 per
289 2033 339 2065 se
378 2016 753 2071 commendatur,
794 2015 921 2075 quod
967 2016 1037 2062 sic
1084 2018 1125 2062 et
1163 2014 1364 2062 decades
1411 2016 1653 2073 apparent
1691 2016 1733 2060 et
1752 2012 1991 2072 pentades
2029 2015 2083 2058 ut
2120 2014 2173 2059 in
2213 2011 2350 2059 libris

162 2098 607 2154 XXVI—XXX,
651 2099 720 2146 sic
761 2098 815 2143 in
854 2097 991 2144 libris
1024 2096 1168 2143 XXI
1196 2095 1316 2154 (non
1351 2095 1791 2156 XXII)——XXV.
1849 2094 2070 2142 Ceterum
2101 2095 2160 2154 cf.
2195 2095 2350 2141 Mario

149 2196 204 2240 p.
235 2181 383 2236 LIV,
420 2180 672 2229 Oichorius
704 2170 751 2242 (e
768 2179 1197 2237 Untersuchunyen
1226 2192 1288 2226 zu
1319 2173 1591 2237 Lucilius')
1622 2192 1670 2236 p.
1708 2178 1787 2224 93.

312 2272 358 2330 7,
387 2271 468 2316 28.
521 2269 659 2330 Quod
692 2269 1014 2317 Reitzenstein
1036 2283 1090 2327 p.
1126 2268 1198 2314 38
1227 2281 1328 2314 non
1365 2266 1506 2314 niodo
1539 2267 1635 2313 duo
1669 2269 1825 2326 etyina
1856 2264 1995 2313 Aelio
2038 2266 2226 2321 tribuit,
2265 2265 2349 2311 sed

160 2353 306 2399 totum
332 2352 489 2399 locuni
512 2366 615 2398 una
640 2365 749 2398 cuin
774 2350 955 2410 etymis,
985 2349 1038 2396 id
1070 2352 1191 2397 certe
1221 2350 1405 2408 falsum
1431 2351 1520 2396 est:
1551 2363 1669 2396 nani
1692 2350 1799 2395 utut
1827 2349 1874 2400 8,
1899 2348 1935 2395 2
1951 2361 2048 2407 399.
2072 2347 2349 2402 scribemus,

157 2437 415 2492 utrumque
447 2437 634 2493 etymon
665 2433 726 2480 ab
757 2433 862 2492 ipso
897 2431 1116 2479 Varrone
1146 2433 1461 2479 retractatur:
1490 2432 1639 2490 prius
1669 2430 1880 2485 reicitur,
1921 2430 2127 2476 alterum
2160 2429 2349 2476 diverso

157 2515 298 2563 niodo
330 2514 612 2575 explicatur.
665 2513 904 2561 Secuntur
933 2513 1080 2561 verba
1112 2514 1311 2560 omnino
1345 2527 1435 2574 ego
1468 2513 1628 2574 magis
1661 2513 1808 2574 puto,
1842 2525 1898 2559 eoo
1928 2511 2104 2569 quibus
2147 2513 2351 2570 apparet

159 2598 303 2646 etiam
333 2598 580 2655 sequentia
610 2597 765 2655 ipsius
791 2594 1030 2643 Varronis
1054 2609 1166 2642 esse.
1217 2594 1280 2642 Ut
1301 2595 1387 2641 hoc
1411 2593 1510 2641 loco
1534 2595 1605 2641 ita
1627 2593 1863 2653 plurimis
1888 2592 2002 2640 aliis
2027 2592 2348 2639 Reitzenstein

159 2676 356 2727 Aelium
392 2678 605 2727 Varroni
636 2678 884 2725 substituit
912 2678 1019 2724 sine
1049 2679 1177 2724 certa
1208 2676 1409 2723 ratione.

312 2768 360 2828 8,
388 2770 432 2815 1.
484 2767 642 2815 Verba
674 2766 923 2814 contrario
956 2764 1154 2813 nomine
1186 2765 1334 2812 deleri
1364 2765 1494 2812 iubet
1522 2763 1605 2811 Sk.

310 2849 358 2909 8,
384 2850 416 2895 4
439 2862 538 2908 399.
601 2847 675 2907 Of.
711 2848 786 2896 W.
823 2847 1009 2895 Wundt
1040 2841 1466 2910 ‘Vo'tkerpsyclioL'
1499 2846 1538 2892 I
1563 2847 1599 2894 2
1622 2861 1674 2906 p.
1709 2845 1817 2892 459
1851 2848 1893 2891 et
1931 2848 2098 2891 eontra
2128 2843 2348 2891 Solinsen

161 2927 316 2978 ‘Stud
349 2945 388 2978 z.
421 2930 450 2977 l.
477 2925 783 2989 Lautyescli?
810 2943 863 2988 p.
894 2929 999 2994 184.
1033 2931 1077 2975 et
1109 2928 1284 2975 Watde
1316 2943 1353 2975 s.
1388 2927 1596 2975 caelum.

309 3013 357 3072 8,
386 3014 467 3060 10.
520 3011 677 3059 cavile
703 3010 981 3058 Florentini
1013 3011 1165 3058 tutari
1195 3010 1387 3058 videtur
1411 3009 1676 3057 Buecheler
1700 3004 1837 3057 ‘Len
1864 3003 1948 3056 It?
1965 3023 2017 3068 p.
2046 3008 2183 3054 XII:
2222 3008 2348 3067 quod

160 3095 320 3141 tamen
341 3095 544 3153 propter
573 3092 710 3140 Festi
739 3092 1023 3139 memoriani
1045 3092 1346 3150 parallelam
1376 3094 1498 3139 recte
1527 3091 1638 3150 lieri
1667 3105 1915 3151 neyamus.

311 3182 357 3245 8,
388 3183 469 3229 11.
511 3197 541 3228 a
572 3182 830 3229 cavatione
863 3182 920 3228 ut
951 3181 1146 3228 cavium
1179 3181 1281 3229 coll.
1305 3179 1465 3242 pilum
1498 3218 1507 3228 .
1536 3217 1546 3227 .
1574 3218 1583 3228 .
1616 3182 1676 3228 ut
1706 3180 1920 3242 perilum
1943 3177 1978 3241 ἕ
2004 3182 2108 3226 116
2131 3178 2238 3226 Sk..·
2270 3180 2346 3225 eui

161 3264 446 3318 cederemuS,
475 3264 521 3311 si
552 3277 609 3311 ea
640 3276 763 3323 quae
784 3262 1089 3322 praecedunt
1117 3276 1226 3322 spes
1259 3265 1377 3310 esset
1407 3277 1515 3310 eum
1547 3262 1622 3310 his
1654 3262 1921 3310 consociari
1942 3275 2099 3322 posse.

311 3345 359 3404 9,
386 3345 432 3391 2.
486 3343 593 3392 vias
627 3342 828 3405 quidem
860 3379 870 3390 .
905 3380 915 3390 .
950 3381 960 3390 .
993 3343 1184 3407 agendo
1216 3344 1397 3391 teritur
1429 3358 1485 3392 eoe
1514 3341 1549 3405 ἕ
1583 3343 1652 3391 35
1684 3343 1812 3391 male
1850 3344 2091 3391 translata
2131 3343 2347 3390 censebat

160 3426 223 3473 L.
252 3424 355 3474 Ooee'
383 3425 463 3485 (de
496 3425 640 3474 Varr.
674 3424 857 3486 etymol.
878 3439 933 3484 p.
957 3423 1082 3485 22);
1121 3425 1181 3484 cf.
1210 3425 1489 3473 VVilmanns
1511 3440 1566 3484 p.
1595 3427 1681 3472 17:
1712 3427 1764 3472 at
1792 3421 1827 3485 ἕ
1860 3424 1929 3472 35
1961 3438 2059 3471 non
2094 3425 2257 3484 ayitur
2288 3424 2346 3470 de

163 3502 393 3556 ‘terendo'
417 3521 568 3567 neque
589 3508 799 3567 possunt
819 3505 935 3553 haec
956 3507 1104 3554 verba
1129 3507 1189 3554 ab
1215 3506 1282 3554 eis
1313 3521 1436 3567 quae
1458 3508 1687 3554 secuntur
1719 3498 1894 3571 (etiam
1927 3504 2144 3552 ambitus
2169 3519 2205 3552 e.
2223 3519 2265 3564 9.
2281 3498 2344 3570 3.)

160 3590 398 3649 separari.
449 3588 685 3637 Videntur
717 3587 886 3647 potius
925 3588 1166 3635 nonnulla
1196 3588 1343 3635 verba
1383 3588 1685 3636 intercidisse
1715 3587 1890 3645 quibus
1932 3586 2346 3646 coniunyebantur

160 3670 277 3718 haee
320 3685 428 3718 curn
469 3669 814 3730 superioribus,
845 3681 882 3716 e.
910 3682 957 3728 9.
987 3669 1157 3730 itaque
1201 3668 1294 3716 hoe
1325 3683 1438 3715 cum
1468 3669 1511 3716 is
1543 3664 1832 3733 <vocabulis
1865 3667 2081 3716 sociatur
2114 3683 2240 3728 quae
2274 3667 2344 3713 di-

162 3752 340 3799 cuntur
370 3751 569 3814 proprie
601 3750 660 3797 de
694 3764 927 3812 agrorum
957 3744 1248 3811 mensuris).
1291 3749 1425 3809 Quae
1447 3764 1558 3798 vero
1581 3752 1808 3798 secuntur
1831 3764 1884 3797 re
1914 3763 2030 3797 vera
2061 3749 2342 3808 interposita
