<?xml version="1.0" encoding="UTF-8"?>
<!DOCTYPE html PUBLIC "-//W3C//DTD XHTML 1.0 Transitional//EN"
    "http://www.w3.org/TR/xhtml1/DTD/xhtml1-transitional.dtd">
<html xmlns="http://www.w3.org/1999/xhtml" xml:lang="en" lang="en">
 <head>
  <title>
</title>
<meta http-equiv="Content-Type" content="text/html;charset=utf-8" />
  <meta name='ocr-system' content='tesseract 3.04.00' />
  <meta name='ocr-capabilities' content='ocr_page ocr_carea ocr_par ocr_line ocrx_word'/>
</head>
<body>
  <div class='ocr_page' id='page_1' title='image "./delingualatinaqu00varruoft_0292.png"; bbox 0 0 2600 4198; ppageno 0'>
   <div class='ocr_carea' id='block_1_1' title="bbox 284 149 2029 204">
    <p class='ocr_par' dir='ltr' id='par_1_1' title="bbox 284 149 2029 204">
     <span class='ocr_line' id='line_1_1' title="bbox 284 149 2029 204; baseline 0 -3"><span class='ocrx_word' id='word_1_1' title='bbox 284 149 396 201; x_wconf 80' lang='grc'>234</span> <span class='ocrx_word' id='word_1_2' title='bbox 730 150 1133 204; x_wconf 82' lang='lat' dir='ltr'><strong>RELIQVORVM</strong></span> <span class='ocrx_word' id='word_1_3' title='bbox 1162 152 1244 196; x_wconf 79' lang='lat' dir='ltr'>DE</span> <span class='ocrx_word' id='word_1_4' title='bbox 1277 151 1683 200; x_wconf 83' lang='lat' dir='ltr'>GRAMMATIGA</span> <span class='ocrx_word' id='word_1_5' title='bbox 1714 155 2029 201; x_wconf 81' lang='lat' dir='ltr'><strong>LIBRORVM</strong></span> 
     </span>
    </p>
   </div>
   <div class='ocr_carea' id='block_1_2' title="bbox 552 268 2505 361">
    <p class='ocr_par' dir='ltr' id='par_1_2' title="bbox 552 268 2505 361">
     <span class='ocr_line' id='line_1_2' title="bbox 552 268 2505 361; baseline 0.006 -25"><span class='ocrx_word' id='word_1_6' title='bbox 552 284 723 338; x_wconf 86' lang='lat' dir='ltr'>Varro</span> <span class='ocrx_word' id='word_1_7' title='bbox 774 285 916 354; x_wconf 86' lang='lat' dir='ltr'>apud</span> <span class='ocrx_word' id='word_1_8' title='bbox 954 286 1208 340; x_wconf 89' lang='lat' dir='ltr'>Plautum</span> <span class='ocrx_word' id='word_1_9' title='bbox 1249 287 1442 356; x_wconf 78' lang='lat' dir='ltr'>‘prosis</span> <span class='ocrx_word' id='word_1_10' title='bbox 1492 288 1664 342; x_wconf 90' lang='lat' dir='ltr'>lectis’</span> <span class='ocrx_word' id='word_1_11' title='bbox 1719 290 2022 361; x_wconf 87' lang='lat' dir='ltr'>significare</span> <span class='ocrx_word' id='word_1_12' title='bbox 2072 294 2245 347; x_wconf 79' lang='lat' dir='ltr'>rectis,</span> <span class='ocrx_word' id='word_1_13' title='bbox 2325 294 2465 347; x_wconf 89' lang='lat' dir='ltr'>unde</span> <span class='ocrx_word' id='word_1_14' title='bbox 2502 268 2505 270; x_wconf 75' lang='lat'><em>.</em></span> 
     </span>
    </p>
   </div>
   <div class='ocr_carea' id='block_1_3' title="bbox 289 373 2466 1155">
    <p class='ocr_par' dir='ltr' id='par_1_3' title="bbox 289 373 2466 1155">
     <span class='ocr_line' id='line_1_3' title="bbox 554 373 2466 450; baseline 0.006 -25"><span class='ocrx_word' id='word_1_15' title='bbox 554 373 716 426; x_wconf 89' lang='lat' dir='ltr'>etiam</span> <span class='ocrx_word' id='word_1_16' title='bbox 769 392 903 442; x_wconf 90' lang='lat' dir='ltr'>quae</span> <span class='ocrx_word' id='word_1_17' title='bbox 943 393 1052 427; x_wconf 91' lang='lat' dir='ltr'>non</span> <span class='ocrx_word' id='word_1_18' title='bbox 1091 378 1174 428; x_wconf 91' lang='lat' dir='ltr'>est</span> <span class='ocrx_word' id='word_1_19' title='bbox 1218 376 1453 445; x_wconf 85' lang='lat' dir='ltr'>perflexa</span> <span class='ocrx_word' id='word_1_20' title='bbox 1492 395 1731 446; x_wconf 88' lang='lat' dir='ltr'>numero,</span> <span class='ocrx_word' id='word_1_21' title='bbox 1771 379 1861 431; x_wconf 90' lang='lat' dir='ltr'>sed</span> <span class='ocrx_word' id='word_1_22' title='bbox 1906 384 2050 433; x_wconf 88' lang='lat' dir='ltr'>recta</span> <span class='ocrx_word' id='word_1_23' title='bbox 2095 400 2255 450; x_wconf 89' lang='lat' dir='ltr'>prosa</span> <span class='ocrx_word' id='word_1_24' title='bbox 2294 383 2466 436; x_wconf 89' lang='lat' dir='ltr'>oratio</span> 
     </span>
     <span class='ocr_line' id='line_1_4' title="bbox 552 462 2465 539; baseline 0.006 -26"><span class='ocrx_word' id='word_1_25' title='bbox 552 462 748 514; x_wconf 91' lang='lat' dir='ltr'>dicitur</span> <span class='ocrx_word' id='word_1_26' title='bbox 778 462 835 514; x_wconf 90' lang='lat' dir='ltr'>in</span> <span class='ocrx_word' id='word_1_27' title='bbox 867 466 1071 515; x_wconf 91' lang='lat' dir='ltr'>rectum</span> <span class='ocrx_word' id='word_1_28' title='bbox 1105 464 1447 532; x_wconf 89' lang='lat' dir='ltr'>producendo</span> <span class='ocrx_word' id='word_1_29' title='bbox 1481 508 1491 518; x_wconf 89' lang='lat'><em>.</em></span> <span class='ocrx_word' id='word_1_30' title='bbox 1526 508 1536 518; x_wconf 92' lang='lat'>.</span> <span class='ocrx_word' id='word_1_31' title='bbox 1571 508 1581 518; x_wconf 95' lang='lat'><strong>.</strong></span> <span class='ocrx_word' id='word_1_32' title='bbox 1612 470 1888 536; x_wconf 86' lang='lat' dir='ltr'>praeterea</span> <span class='ocrx_word' id='word_1_33' title='bbox 1918 472 2028 521; x_wconf 89' lang='lat' dir='ltr'>tam</span> <span class='ocrx_word' id='word_1_34' title='bbox 2062 470 2203 539; x_wconf 90' lang='lat' dir='ltr'>apud</span> <span class='ocrx_word' id='word_1_35' title='bbox 2236 469 2465 537; x_wconf 85' lang='lat' dir='ltr'>Graecos</span> 
     </span>
     <span class='ocr_line' id='line_1_5' title="bbox 551 550 2465 623; baseline 0.006 -22"><span class='ocrx_word' id='word_1_36' title='bbox 551 568 710 619; x_wconf 89' lang='lat' dir='ltr'>quam</span> <span class='ocrx_word' id='word_1_37' title='bbox 743 550 886 619; x_wconf 87' lang='lat' dir='ltr'>apud</span> <span class='ocrx_word' id='word_1_38' title='bbox 922 550 1145 604; x_wconf 90' lang='lat' dir='ltr'>Latinos</span> <span class='ocrx_word' id='word_1_39' title='bbox 1177 552 1336 623; x_wconf 86' lang='lat' dir='ltr'>longe</span> <span class='ocrx_word' id='word_1_40' title='bbox 1369 554 1727 622; x_wconf 72' lang='lat' dir='ltr'>antiquiorem</span> <span class='ocrx_word' id='word_1_41' title='bbox 1759 574 1941 609; x_wconf 89' lang='lat' dir='ltr'>curam</span> <span class='ocrx_word' id='word_1_42' title='bbox 1972 557 2139 610; x_wconf 89' lang='lat' dir='ltr'>fuisse</span> <span class='ocrx_word' id='word_1_43' title='bbox 2172 558 2465 614; x_wconf 81' lang='lat' dir='ltr'>carminum</span> 
     </span>
     <span class='ocr_line' id='line_1_6' title="bbox 551 641 2466 716; baseline 0.006 -26"><span class='ocrx_word' id='word_1_44' title='bbox 551 658 714 708; x_wconf 91' lang='lat' dir='ltr'>quam</span> <span class='ocrx_word' id='word_1_45' title='bbox 751 658 963 708; x_wconf 82' lang='lat' dir='ltr'>prosae:</span> <span class='ocrx_word' id='word_1_46' title='bbox 1004 641 1184 693; x_wconf 90' lang='lat' dir='ltr'>omnia</span> <span class='ocrx_word' id='word_1_47' title='bbox 1223 641 1366 694; x_wconf 92' lang='lat' dir='ltr'>enim</span> <span class='ocrx_word' id='word_1_48' title='bbox 1405 642 1555 711; x_wconf 91' lang='lat' dir='ltr'>prius</span> <span class='ocrx_word' id='word_1_49' title='bbox 1587 643 1830 697; x_wconf 83' lang='lat' dir='ltr'>versibus</span> <span class='ocrx_word' id='word_1_50' title='bbox 1864 645 2241 716; x_wconf 74' lang='lat' dir='ltr'>condebantur,</span> <span class='ocrx_word' id='word_1_51' title='bbox 2279 666 2466 716; x_wconf 85' lang='lat' dir='ltr'>prosae</span> 
     </span>
     <span class='ocr_line' id='line_1_7' title="bbox 552 725 2466 805; baseline 0.006 -26"><span class='ocrx_word' id='word_1_52' title='bbox 552 731 731 780; x_wconf 87' lang='lat' dir='ltr'>autem</span> <span class='ocrx_word' id='word_1_53' title='bbox 772 728 1011 781; x_wconf 91' lang='lat' dir='ltr'>studium</span> <span class='ocrx_word' id='word_1_54' title='bbox 1050 725 1168 782; x_wconf 86' lang='lat' dir='ltr'>sero</span> <span class='ocrx_word' id='word_1_55' title='bbox 1201 730 1390 800; x_wconf 82' lang='lat' dir='ltr'>viguit.</span> <span class='ocrx_word' id='word_1_56' title='bbox 1444 731 1652 799; x_wconf 91' lang='lat' dir='ltr'>primus</span> <span class='ocrx_word' id='word_1_57' title='bbox 1692 733 1833 801; x_wconf 89' lang='lat' dir='ltr'>apud</span> <span class='ocrx_word' id='word_1_58' title='bbox 1867 732 2095 787; x_wconf 86' lang='lat' dir='ltr'>Graecos</span> <span class='ocrx_word' id='word_1_59' title='bbox 2134 735 2466 805; x_wconf 82' lang='lat' dir='ltr'>Pherecydes</span> 
     </span>
     <span class='ocr_line' id='line_1_8' title="bbox 554 815 2465 895; baseline 0.006 -27"><span class='ocrx_word' id='word_1_60' title='bbox 554 815 742 885; x_wconf 80' lang='lat' dir='ltr'>Syrius</span> <span class='ocrx_word' id='word_1_61' title='bbox 783 817 961 870; x_wconf 87' lang='lat' dir='ltr'>soluta</span> <span class='ocrx_word' id='word_1_62' title='bbox 1000 817 1241 871; x_wconf 89' lang='lat' dir='ltr'>oratione</span> <span class='ocrx_word' id='word_1_63' title='bbox 1281 819 1511 889; x_wconf 76' lang='lat' dir='ltr'>scripsit,</span> <span class='ocrx_word' id='word_1_64' title='bbox 1551 821 1693 889; x_wconf 88' lang='lat' dir='ltr'>apud</span> <span class='ocrx_word' id='word_1_65' title='bbox 1731 821 2004 876; x_wconf 87' lang='lat' dir='ltr'>Romanos</span> <span class='ocrx_word' id='word_1_66' title='bbox 2046 827 2223 877; x_wconf 89' lang='lat' dir='ltr'>autem</span> <span class='ocrx_word' id='word_1_67' title='bbox 2257 824 2465 895; x_wconf 90' lang='lat' dir='ltr'>Appius</span> 
     </span>
     <span class='ocr_line' id='line_1_9' title="bbox 554 904 2466 980; baseline 0.005 -23"><span class='ocrx_word' id='word_1_68' title='bbox 554 904 751 958; x_wconf 84' lang='lat' dir='ltr'>Caecus</span> <span class='ocrx_word' id='word_1_69' title='bbox 786 906 1039 959; x_wconf 85' lang='lat' dir='ltr'>adversus</span> <span class='ocrx_word' id='word_1_70' title='bbox 1072 907 1340 976; x_wconf 83' lang='lat' dir='ltr'>Pyrrhum</span> <span class='ocrx_word' id='word_1_71' title='bbox 1374 908 1606 961; x_wconf 90' lang='lat' dir='ltr'>solutam</span> <span class='ocrx_word' id='word_1_72' title='bbox 1641 910 1939 963; x_wconf 87' lang='lat' dir='ltr'>orationem</span> <span class='ocrx_word' id='word_1_73' title='bbox 1971 911 2176 980; x_wconf 89' lang='lat' dir='ltr'>primus</span> <span class='ocrx_word' id='word_1_74' title='bbox 2210 915 2466 967; x_wconf 87' lang='lat' dir='ltr'>exercuit:</span> 
     </span>
     <span class='ocr_line' id='line_1_10' title="bbox 552 994 2205 1066; baseline 0.004 -20"><span class='ocrx_word' id='word_1_75' title='bbox 552 994 659 1046; x_wconf 90' lang='lat' dir='ltr'>iam</span> <span class='ocrx_word' id='word_1_76' title='bbox 699 995 891 1047; x_wconf 84' lang='lat' dir='ltr'>exhinc</span> <span class='ocrx_word' id='word_1_77' title='bbox 932 999 986 1048; x_wconf 90' lang='lat' dir='ltr'>et</span> <span class='ocrx_word' id='word_1_78' title='bbox 1026 996 1189 1048; x_wconf 92' lang='lat' dir='ltr'>ceteri</span> <span class='ocrx_word' id='word_1_79' title='bbox 1228 1014 1416 1064; x_wconf 88' lang='lat' dir='ltr'>prosae</span> <span class='ocrx_word' id='word_1_80' title='bbox 1458 997 1764 1066; x_wconf 72' lang='lat' dir='ltr'>eloquentia</span> <span class='ocrx_word' id='word_1_81' title='bbox 1805 1000 2205 1053; x_wconf 85' lang='lat' dir='ltr'>contenderunt.</span> 
     </span>
     <span class='ocr_line' id='line_1_11' title="bbox 289 1082 1603 1155; baseline 0.002 -19"><span class='ocrx_word' id='word_1_82' title='bbox 289 1084 406 1136; x_wconf 74' lang='lat'>129.</span> <span class='ocrx_word' id='word_1_83' title='bbox 470 1082 768 1155; x_wconf 85' lang='lat' dir='ltr'>A[u]xillae</span> <span class='ocrx_word' id='word_1_84' title='bbox 807 1086 973 1153; x_wconf 79' lang='grc' dir='ltr'><em>μικρὰ</em></span> <span class='ocrx_word' id='word_1_85' title='bbox 1014 1085 1200 1152; x_wconf 72' lang='grc' dir='ltr'><em>πτερά,</em></span> <span class='ocrx_word' id='word_1_86' title='bbox 1243 1086 1315 1147; x_wconf 82' lang='grc' dir='ltr'>ὡς</span> <span class='ocrx_word' id='word_1_87' title='bbox 1354 1086 1603 1155; x_wconf 76' lang='grc' dir='ltr'><em>Βάρρων.</em></span> 
     </span>
    </p>
   </div>
   <div class='ocr_carea' id='block_1_4' title="bbox 912 1321 1833 1591">
    <p class='ocr_par' dir='ltr' id='par_1_4' title="bbox 912 1321 1833 1591">
     <span class='ocr_line' id='line_1_12' title="bbox 1180 1321 1567 1376; baseline 0.008 -3"><span class='ocrx_word' id='word_1_88' title='bbox 1180 1321 1567 1376; x_wconf 83' lang='lat' dir='ltr'>EXCER-PTA</span> 
     </span>
     <span class='ocr_line' id='line_1_13' title="bbox 974 1423 1772 1480; baseline 0.006 -5"><span class='ocrx_word' id='word_1_89' title='bbox 974 1424 1074 1476; x_wconf 85' lang='lat' dir='ltr'>EX</span> <span class='ocrx_word' id='word_1_90' title='bbox 1114 1423 1517 1479; x_wconf 77' lang='lat' dir='ltr'><strong>AVGVSTINI</strong></span> <span class='ocrx_word' id='word_1_91' title='bbox 1555 1426 1772 1480; x_wconf 83' lang='lat' dir='ltr'>LIBRO</span> 
     </span>
     <span class='ocr_line' id='line_1_14' title="bbox 912 1528 1833 1591; baseline 0.004 -11"><span class='ocrx_word' id='word_1_92' title='bbox 912 1528 1038 1591; x_wconf 84' lang='lat' dir='ltr'>QVI</span> <span class='ocrx_word' id='word_1_93' title='bbox 1078 1528 1213 1581; x_wconf 80' lang='lat' dir='ltr'>EST</span> <span class='ocrx_word' id='word_1_94' title='bbox 1254 1529 1351 1581; x_wconf 79' lang='lat' dir='ltr'>DE</span> <span class='ocrx_word' id='word_1_95' title='bbox 1394 1529 1833 1584; x_wconf 82' lang='lat' dir='ltr'><strong>DIALECTICA</strong></span> 
     </span>
    </p>
   </div>
   <div class='ocr_carea' id='block_1_5' title="bbox 282 1631 2465 2065">
    <p class='ocr_par' dir='ltr' id='par_1_5' title="bbox 282 1631 2465 2065">
     <span class='ocr_line' id='line_1_15' title="bbox 282 1631 2465 1704; baseline 0.003 -19"><span class='ocrx_word' id='word_1_96' title='bbox 282 1633 415 1702; x_wconf 82' lang='lat'>[130</span> <span class='ocrx_word' id='word_1_97' title='bbox 449 1631 557 1703; x_wconf 77' lang='lat'>(32.</span> <span class='ocrx_word' id='word_1_98' title='bbox 599 1635 640 1685; x_wconf 86' lang='lat'>1.</span> <span class='ocrx_word' id='word_1_99' title='bbox 677 1634 724 1686; x_wconf 75' lang='lat'>2.</span> <span class='ocrx_word' id='word_1_100' title='bbox 760 1632 959 1704; x_wconf 76' lang='lat'>[265]).</span> <span class='ocrx_word' id='word_1_101' title='bbox 1023 1633 1185 1686; x_wconf 86' lang='lat' dir='ltr'>verba</span> <span class='ocrx_word' id='word_1_102' title='bbox 1225 1637 1317 1685; x_wconf 87' lang='lat' dir='ltr'>aut</span> <span class='ocrx_word' id='word_1_103' title='bbox 1357 1634 1624 1702; x_wconf 87' lang='lat' dir='ltr'>simplicia</span> <span class='ocrx_word' id='word_1_104' title='bbox 1673 1640 1798 1688; x_wconf 90' lang='lat' dir='ltr'>sunt</span> <span class='ocrx_word' id='word_1_105' title='bbox 1845 1642 1938 1690; x_wconf 88' lang='lat' dir='ltr'>aut</span> <span class='ocrx_word' id='word_1_106' title='bbox 1985 1639 2289 1691; x_wconf 88' lang='lat' dir='ltr'>coniuncta:</span> <span class='ocrx_word' id='word_1_107' title='bbox 2345 1641 2465 1692; x_wconf 88' lang='lat' dir='ltr'>sim-</span> 
     </span>
     <span class='ocr_line' id='line_1_16' title="bbox 547 1722 2464 1796; baseline 0.004 -23"><span class='ocrx_word' id='word_1_108' title='bbox 547 1722 709 1791; x_wconf 86' lang='lat' dir='ltr'>plicia</span> <span class='ocrx_word' id='word_1_109' title='bbox 750 1725 890 1790; x_wconf 84' lang='lat' dir='ltr'>sunt,</span> <span class='ocrx_word' id='word_1_110' title='bbox 932 1740 1066 1791; x_wconf 88' lang='lat' dir='ltr'>quae</span> <span class='ocrx_word' id='word_1_111' title='bbox 1107 1741 1273 1774; x_wconf 87' lang='lat' dir='ltr'>unum</span> <span class='ocrx_word' id='word_1_112' title='bbox 1316 1723 1568 1791; x_wconf 83' lang='lat' dir='ltr'>quiddam</span> <span class='ocrx_word' id='word_1_113' title='bbox 1611 1724 1938 1796; x_wconf 80' lang='lat' dir='ltr'>significant,</span> <span class='ocrx_word' id='word_1_114' title='bbox 1979 1730 2039 1779; x_wconf 92' lang='lat' dir='ltr'>ut</span> <span class='ocrx_word' id='word_1_115' title='bbox 2079 1746 2199 1779; x_wconf 91' lang='lat' dir='ltr'>cum</span> <span class='ocrx_word' id='word_1_116' title='bbox 2241 1729 2464 1782; x_wconf 88' lang='lat' dir='ltr'>dicimus</span> 
     </span>
     <span class='ocr_line' id='line_1_17' title="bbox 547 1811 2464 1883; baseline 0.004 -21"><span class='ocrx_word' id='word_1_117' title='bbox 547 1811 709 1864; x_wconf 90' lang='lat' dir='ltr'>homo</span> <span class='ocrx_word' id='word_1_118' title='bbox 762 1830 946 1880; x_wconf 81' lang='lat' dir='ltr'>equuS,</span> <span class='ocrx_word' id='word_1_119' title='bbox 999 1812 1239 1880; x_wconf 85' lang='lat' dir='ltr'>disputat</span> <span class='ocrx_word' id='word_1_120' title='bbox 1290 1813 1459 1863; x_wconf 89' lang='lat' dir='ltr'>currit</span> <span class='ocrx_word' id='word_1_121' title='bbox 1499 1855 1508 1865; x_wconf 89' lang='lat'><strong>.</strong></span> <span class='ocrx_word' id='word_1_122' title='bbox 1545 1857 1551 1865; x_wconf 93' lang='lat'>.</span> <span class='ocrx_word' id='word_1_123' title='bbox 1589 1856 1597 1865; x_wconf 94' lang='lat'>.</span> <span class='ocrx_word' id='word_1_124' title='bbox 1639 1814 1819 1883; x_wconf 87' lang='lat' dir='ltr'>itaque</span> <span class='ocrx_word' id='word_1_125' title='bbox 1870 1816 1972 1867; x_wconf 91' lang='lat' dir='ltr'>hoc</span> <span class='ocrx_word' id='word_1_126' title='bbox 2024 1816 2318 1869; x_wconf 75' lang='lat' dir='ltr'>includitur</span> <span class='ocrx_word' id='word_1_127' title='bbox 2366 1817 2464 1870; x_wconf 86' lang='lat' dir='ltr'>hac</span> 
     </span>
     <span class='ocr_line' id='line_1_18' title="bbox 546 1900 2463 1975; baseline 0.004 -24"><span class='ocrx_word' id='word_1_128' title='bbox 546 1900 875 1969; x_wconf 87' lang='lat' dir='ltr'>definitione,</span> <span class='ocrx_word' id='word_1_129' title='bbox 916 1919 1022 1969; x_wconf 88' lang='lat' dir='ltr'>qua</span> <span class='ocrx_word' id='word_1_130' title='bbox 1061 1918 1167 1952; x_wconf 91' lang='lat' dir='ltr'>non</span> <span class='ocrx_word' id='word_1_131' title='bbox 1208 1900 1501 1953; x_wconf 88' lang='lat' dir='ltr'>includitur</span> <span class='ocrx_word' id='word_1_132' title='bbox 1540 1920 1660 1954; x_wconf 89' lang='lat' dir='ltr'>cum</span> <span class='ocrx_word' id='word_1_133' title='bbox 1702 1903 1928 1956; x_wconf 88' lang='lat' dir='ltr'>dicimus</span> <span class='ocrx_word' id='word_1_134' title='bbox 1968 1905 2179 1973; x_wconf 90' lang='lat' dir='ltr'>loquor:</span> <span class='ocrx_word' id='word_1_135' title='bbox 2221 1907 2463 1975; x_wconf 86' lang='lat' dir='ltr'>quamvis</span> 
     </span>
     <span class='ocr_line' id='line_1_19' title="bbox 546 1989 2464 2065; baseline 0.003 -24"><span class='ocrx_word' id='word_1_136' title='bbox 546 1990 687 2042; x_wconf 89' lang='lat' dir='ltr'>enim</span> <span class='ocrx_word' id='word_1_137' title='bbox 728 2009 895 2042; x_wconf 89' lang='lat' dir='ltr'>unum</span> <span class='ocrx_word' id='word_1_138' title='bbox 935 1990 1157 2042; x_wconf 89' lang='lat' dir='ltr'>verbum</span> <span class='ocrx_word' id='word_1_139' title='bbox 1211 1989 1295 2058; x_wconf 84' lang='lat' dir='ltr'>sit,</span> <span class='ocrx_word' id='word_1_140' title='bbox 1345 2009 1453 2041; x_wconf 89' lang='lat' dir='ltr'>non</span> <span class='ocrx_word' id='word_1_141' title='bbox 1494 1990 1658 2043; x_wconf 88' lang='lat' dir='ltr'>habet</span> <span class='ocrx_word' id='word_1_142' title='bbox 1706 1995 1885 2045; x_wconf 87' lang='lat' dir='ltr'>tamen</span> <span class='ocrx_word' id='word_1_143' title='bbox 1926 1994 2223 2062; x_wconf 87' lang='lat' dir='ltr'>simplicem</span> <span class='ocrx_word' id='word_1_144' title='bbox 2265 1995 2464 2065; x_wconf 83' lang='lat' dir='ltr'>signifi-</span> 
     </span>
    </p>
   </div>
   <div class='ocr_carea' id='block_1_6' title="bbox 366 2118 635 2122">
    <p class='ocr_par' dir='ltr' id='par_1_6' title="bbox 366 2118 635 2122">
     <span class='ocr_line' id='line_1_20' title="bbox 366 2118 635 2122; baseline 0 0"><span class='ocrx_word' id='word_1_145' title='bbox 366 2118 635 2122; x_wconf 95' lang='lat' dir='ltr'> </span> 
     </span>
    </p>
   </div>
   <div class='ocr_carea' id='block_1_7' title="bbox 263 2203 2465 3507">
    <p class='ocr_par' dir='ltr' id='par_1_7' title="bbox 263 2203 2465 3507">
     <span class='ocr_line' id='line_1_21' title="bbox 428 2203 2461 2263; baseline 0.002 -17"><span class='ocrx_word' id='word_1_146' title='bbox 428 2207 481 2246; x_wconf 89' lang='grc'>10</span> <span class='ocrx_word' id='word_1_147' title='bbox 516 2203 865 2259; x_wconf 64' lang='grc' dir='ltr'>Ρ3ειιᾱορ1ιίίοω.</span> <span class='ocrx_word' id='word_1_148' title='bbox 896 2218 941 2259; x_wconf 72' lang='lat'>1).</span> <span class='ocrx_word' id='word_1_149' title='bbox 974 2207 1127 2258; x_wconf 77' lang='lat'>26,43</span> <span class='ocrx_word' id='word_1_150' title='bbox 1162 2227 1215 2241; x_wconf 91' lang='lat'>=</span> <span class='ocrx_word' id='word_1_151' title='bbox 1248 2205 1342 2249; x_wconf 74' lang='lat' dir='ltr'>TG.</span> <span class='ocrx_word' id='word_1_152' title='bbox 1369 2221 1417 2261; x_wconf 75' lang='lat' dir='ltr'>p.</span> <span class='ocrx_word' id='word_1_153' title='bbox 1454 2209 1543 2250; x_wconf 74' lang='lat'>122</span> <span class='ocrx_word' id='word_1_154' title='bbox 1576 2205 1839 2263; x_wconf 81' lang='lat' dir='ltr'>(a[u]xillae</span> <span class='ocrx_word' id='word_1_155' title='bbox 1874 2241 1882 2249; x_wconf 90' lang='lat'><strong>.</strong></span> <span class='ocrx_word' id='word_1_156' title='bbox 1919 2242 1925 2249; x_wconf 90' lang='lat'><strong>.</strong></span> <span class='ocrx_word' id='word_1_157' title='bbox 1964 2242 1971 2248; x_wconf 93' lang='lat'><strong>.</strong></span> <span class='ocrx_word' id='word_1_158' title='bbox 2002 2206 2209 2263; x_wconf 78' lang='grc' dir='ltr'>Βάρρων)</span> <span class='ocrx_word' id='word_1_159' title='bbox 2222 2225 2238 2261; x_wconf 82' lang='grc'>,-</span> <span class='ocrx_word' id='word_1_160' title='bbox 2277 2208 2333 2261; x_wconf 79' lang='lat' dir='ltr'>cf.</span> <span class='ocrx_word' id='word_1_161' title='bbox 2372 2207 2461 2252; x_wconf 76' lang='lat' dir='ltr'>Cic.</span> 
     </span>
     <span class='ocr_line' id='line_1_22' title="bbox 282 2262 2462 2321; baseline 0.002 -16"><span class='ocrx_word' id='word_1_162' title='bbox 282 2262 405 2306; x_wconf 80' lang='lat' dir='ltr'>Orat.</span> <span class='ocrx_word' id='word_1_163' title='bbox 435 2265 520 2306; x_wconf 88' lang='lat'>153</span> <span class='ocrx_word' id='word_1_164' title='bbox 550 2263 800 2318; x_wconf 89' lang='lat' dir='ltr'>(quomodo</span> <span class='ocrx_word' id='word_1_165' title='bbox 833 2263 955 2306; x_wconf 91' lang='lat' dir='ltr'>enim</span> <span class='ocrx_word' id='word_1_166' title='bbox 979 2266 1132 2307; x_wconf 86' lang='lat' dir='ltr'>vester</span> <span class='ocrx_word' id='word_1_167' title='bbox 1157 2264 1311 2307; x_wconf 84' lang='lat' dir='ltr'>Axilla</span> <span class='ocrx_word' id='word_1_168' title='bbox 1337 2265 1423 2307; x_wconf 88' lang='lat' dir='ltr'>Ala</span> <span class='ocrx_word' id='word_1_169' title='bbox 1455 2265 1605 2308; x_wconf 90' lang='lat' dir='ltr'>factus</span> <span class='ocrx_word' id='word_1_170' title='bbox 1633 2267 1703 2307; x_wconf 91' lang='lat' dir='ltr'>est</span> <span class='ocrx_word' id='word_1_171' title='bbox 1734 2264 1825 2308; x_wconf 89' lang='lat' dir='ltr'>nisi</span> <span class='ocrx_word' id='word_1_172' title='bbox 1857 2265 1970 2321; x_wconf 86' lang='lat' dir='ltr'>fuga</span> <span class='ocrx_word' id='word_1_173' title='bbox 2002 2265 2189 2309; x_wconf 87' lang='lat' dir='ltr'>litterae</span> <span class='ocrx_word' id='word_1_174' title='bbox 2214 2267 2462 2311; x_wconf 78' lang='lat' dir='ltr'>vastioris‘.&gt;</span> 
     </span>
     <span class='ocr_line' id='line_1_23' title="bbox 278 2321 2461 2383; baseline 0.002 -19"><span class='ocrx_word' id='word_1_175' title='bbox 278 2335 418 2376; x_wconf 89' lang='lat' dir='ltr'>quam</span> <span class='ocrx_word' id='word_1_176' title='bbox 450 2321 656 2366; x_wconf 86' lang='lat' dir='ltr'>litteram</span> <span class='ocrx_word' id='word_1_177' title='bbox 683 2323 827 2366; x_wconf 91' lang='lat' dir='ltr'>etiam</span> <span class='ocrx_word' id='word_1_178' title='bbox 852 2336 876 2366; x_wconf 91' lang='lat' dir='ltr'>e</span> <span class='ocrx_word' id='word_1_179' title='bbox 900 2323 1103 2367; x_wconf 84' lang='lat' dir='ltr'>maxillis</span> <span class='ocrx_word' id='word_1_180' title='bbox 1131 2325 1178 2367; x_wconf 91' lang='lat' dir='ltr'>et</span> <span class='ocrx_word' id='word_1_181' title='bbox 1201 2323 1379 2367; x_wconf 85' lang='lat' dir='ltr'>taxillis</span> <span class='ocrx_word' id='word_1_182' title='bbox 1406 2326 1452 2368; x_wconf 90' lang='lat' dir='ltr'>et</span> <span class='ocrx_word' id='word_1_183' title='bbox 1476 2324 1646 2367; x_wconf 85' lang='lat' dir='ltr'>vexillo</span> <span class='ocrx_word' id='word_1_184' title='bbox 1673 2326 1719 2367; x_wconf 89' lang='lat' dir='ltr'>et</span> <span class='ocrx_word' id='word_1_185' title='bbox 1751 2324 1926 2380; x_wconf 82' lang='lat' dir='ltr'>paxillo</span> <span class='ocrx_word' id='word_1_186' title='bbox 1953 2326 2239 2369; x_wconf 88' lang='lat' dir='ltr'>consuetudo</span> <span class='ocrx_word' id='word_1_187' title='bbox 2272 2325 2461 2383; x_wconf 86' lang='lat' dir='ltr'>elegans</span> 
     </span>
     <span class='ocr_line' id='line_1_24' title="bbox 279 2380 2461 2440; baseline 0.003 -17"><span class='ocrx_word' id='word_1_188' title='bbox 279 2380 436 2424; x_wconf 90' lang='lat' dir='ltr'>Latini</span> <span class='ocrx_word' id='word_1_189' title='bbox 470 2382 694 2425; x_wconf 88' lang='lat' dir='ltr'>sermonis</span> <span class='ocrx_word' id='word_1_190' title='bbox 728 2381 902 2437; x_wconf 91' lang='lat' dir='ltr'>evellit)</span> <span class='ocrx_word' id='word_1_191' title='bbox 943 2385 955 2439; x_wconf 85' lang='grc' dir='ltr'>Η</span> <span class='ocrx_word' id='word_1_192' title='bbox 999 2387 1052 2426; x_wconf 84' lang='grc'>14</span> <span class='ocrx_word' id='word_1_193' title='bbox 1086 2384 1334 2440; x_wconf 69' lang='lat' dir='ltr'>Auyustz&#39;n.</span> <span class='ocrx_word' id='word_1_194' title='bbox 1368 2385 1421 2427; x_wconf 79' lang='lat' dir='ltr'>de</span> <span class='ocrx_word' id='word_1_195' title='bbox 1453 2384 1564 2428; x_wconf 75' lang='lat' dir='ltr'>dial.</span> <span class='ocrx_word' id='word_1_196' title='bbox 1599 2386 1633 2427; x_wconf 92' lang='lat' dir='ltr'><strong><em>I</em></strong></span> <span class='ocrx_word' id='word_1_197' title='bbox 1650 2398 1700 2439; x_wconf 75' lang='lat' dir='ltr'>p.</span> <span class='ocrx_word' id='word_1_198' title='bbox 1728 2388 1754 2428; x_wconf 87' lang='lat'><strong><em>5</em></strong></span> <span class='ocrx_word' id='word_1_199' title='bbox 1782 2384 1898 2429; x_wconf 81' lang='lat' dir='ltr'>Grec.</span> <span class='ocrx_word' id='word_1_200' title='bbox 1934 2384 2201 2440; x_wconf 88' lang='lat' dir='ltr'>(dialectica</span> <span class='ocrx_word' id='word_1_201' title='bbox 2233 2387 2304 2429; x_wconf 87' lang='lat' dir='ltr'>est</span> <span class='ocrx_word' id='word_1_202' title='bbox 2342 2385 2461 2429; x_wconf 88' lang='lat' dir='ltr'>bene</span> 
     </span>
     <span class='ocr_line' id='line_1_25' title="bbox 279 2440 2464 2500; baseline 0.003 -19"><span class='ocrx_word' id='word_1_203' title='bbox 279 2440 552 2496; x_wconf 89' lang='lat' dir='ltr'>disputandi</span> <span class='ocrx_word' id='word_1_204' title='bbox 586 2441 803 2494; x_wconf 82' lang='lat' dir='ltr'>scientia3</span> <span class='ocrx_word' id='word_1_205' title='bbox 839 2441 1133 2498; x_wconf 89' lang='lat' dir='ltr'>disputamus</span> <span class='ocrx_word' id='word_1_206' title='bbox 1167 2445 1323 2486; x_wconf 90' lang='lat' dir='ltr'>autem</span> <span class='ocrx_word' id='word_1_207' title='bbox 1355 2443 1520 2498; x_wconf 87' lang='lat' dir='ltr'>utique</span> <span class='ocrx_word' id='word_1_208' title='bbox 1552 2443 1717 2486; x_wconf 87' lang='lat' dir='ltr'>verbis.</span> <span class='ocrx_word' id='word_1_209' title='bbox 1776 2443 1916 2486; x_wconf 86' lang='lat' dir='ltr'>verba</span> <span class='ocrx_word' id='word_1_210' title='bbox 1947 2444 2093 2500; x_wconf 87' lang='lat' dir='ltr'>igitur</span> <span class='ocrx_word' id='word_1_211' title='bbox 2125 2446 2207 2488; x_wconf 87' lang='lat' dir='ltr'>aut</span> <span class='ocrx_word' id='word_1_212' title='bbox 2240 2482 2247 2488; x_wconf 92' lang='lat'><strong>.</strong></span> <span class='ocrx_word' id='word_1_213' title='bbox 2285 2481 2291 2487; x_wconf 93' lang='lat'><em>.</em></span> <span class='ocrx_word' id='word_1_214' title='bbox 2329 2482 2336 2488; x_wconf 94' lang='lat'>.</span> <span class='ocrx_word' id='word_1_215' title='bbox 2372 2445 2464 2488; x_wconf 90' lang='lat' dir='ltr'>dis-</span> 
     </span>
     <span class='ocr_line' id='line_1_26' title="bbox 278 2500 2463 2560; baseline 0.002 -17"><span class='ocrx_word' id='word_1_216' title='bbox 278 2502 417 2555; x_wconf 87' lang='lat' dir='ltr'>putat</span> <span class='ocrx_word' id='word_1_217' title='bbox 442 2500 599 2544; x_wconf 89' lang='lat' dir='ltr'>currit.</span> <span class='ocrx_word' id='word_1_218' title='bbox 648 2515 732 2544; x_wconf 92' lang='lat' dir='ltr'>nec</span> <span class='ocrx_word' id='word_1_219' title='bbox 756 2501 938 2544; x_wconf 88' lang='lat' dir='ltr'>mireris</span> <span class='ocrx_word' id='word_1_220' title='bbox 964 2502 1090 2557; x_wconf 91' lang='lat' dir='ltr'>quod</span> <span class='ocrx_word' id='word_1_221' title='bbox 1115 2502 1328 2559; x_wconf 88' lang='lat' dir='ltr'>disputat</span> <span class='ocrx_word' id='word_1_222' title='bbox 1354 2502 1563 2557; x_wconf 88' lang='lat' dir='ltr'>quamvis</span> <span class='ocrx_word' id='word_1_223' title='bbox 1590 2516 1645 2546; x_wconf 90' lang='lat' dir='ltr'>ex</span> <span class='ocrx_word' id='word_1_224' title='bbox 1670 2503 1851 2546; x_wconf 87' lang='lat' dir='ltr'>duobus</span> <span class='ocrx_word' id='word_1_225' title='bbox 1885 2503 2195 2560; x_wconf 87' lang='lat' dir='ltr'>compositum</span> <span class='ocrx_word' id='word_1_226' title='bbox 2220 2504 2282 2548; x_wconf 86' lang='lat' dir='ltr'>sit</span> <span class='ocrx_word' id='word_1_227' title='bbox 2306 2505 2463 2548; x_wconf 86' lang='lat' dir='ltr'>tamen</span> 
     </span>
     <span class='ocr_line' id='line_1_27' title="bbox 278 2559 2465 2616; baseline 0.002 -15"><span class='ocrx_word' id='word_1_228' title='bbox 278 2559 402 2602; x_wconf 88' lang='lat' dir='ltr'>inter</span> <span class='ocrx_word' id='word_1_229' title='bbox 433 2559 666 2616; x_wconf 85' lang='lat' dir='ltr'>simplicia</span> <span class='ocrx_word' id='word_1_230' title='bbox 698 2562 995 2604; x_wconf 87' lang='lat' dir='ltr'>numeratum</span> <span class='ocrx_word' id='word_1_231' title='bbox 1027 2563 1116 2605; x_wconf 88' lang='lat' dir='ltr'>est:</span> <span class='ocrx_word' id='word_1_232' title='bbox 1161 2576 1271 2605; x_wconf 85' lang='lat' dir='ltr'>nam</span> <span class='ocrx_word' id='word_1_233' title='bbox 1302 2575 1374 2605; x_wconf 92' lang='lat' dir='ltr'>res</span> <span class='ocrx_word' id='word_1_234' title='bbox 1409 2561 1678 2605; x_wconf 88' lang='lat' dir='ltr'>definitione</span> <span class='ocrx_word' id='word_1_235' title='bbox 1710 2562 1994 2606; x_wconf 86' lang='lat' dir='ltr'>illustratur:</span> <span class='ocrx_word' id='word_1_236' title='bbox 2030 2563 2207 2606; x_wconf 91' lang='lat' dir='ltr'>dictum</span> <span class='ocrx_word' id='word_1_237' title='bbox 2239 2564 2310 2606; x_wconf 90' lang='lat' dir='ltr'>est</span> <span class='ocrx_word' id='word_1_238' title='bbox 2341 2563 2465 2607; x_wconf 89' lang='lat' dir='ltr'>enim</span> 
     </span>
     <span class='ocr_line' id='line_1_28' title="bbox 276 2618 2462 2679; baseline 0.003 -18"><span class='ocrx_word' id='word_1_239' title='bbox 276 2618 325 2661; x_wconf 88' lang='lat' dir='ltr'>id</span> <span class='ocrx_word' id='word_1_240' title='bbox 374 2633 471 2662; x_wconf 88' lang='lat' dir='ltr'>esse</span> <span class='ocrx_word' id='word_1_241' title='bbox 520 2619 718 2675; x_wconf 87' lang='lat' dir='ltr'>simplex</span> <span class='ocrx_word' id='word_1_242' title='bbox 766 2621 890 2676; x_wconf 92' lang='lat' dir='ltr'>quod</span> <span class='ocrx_word' id='word_1_243' title='bbox 936 2635 1082 2664; x_wconf 91' lang='lat' dir='ltr'>unum</span> <span class='ocrx_word' id='word_1_244' title='bbox 1130 2621 1358 2677; x_wconf 87' lang='lat' dir='ltr'>quiddam</span> <span class='ocrx_word' id='word_1_245' title='bbox 1406 2621 1653 2678; x_wconf 86' lang='lat' dir='ltr'>significat.</span> <span class='ocrx_word' id='word_1_246' title='bbox 1724 2622 1886 2676; x_wconf 87' lang='lat' dir='ltr'>itaque</span> <span class='ocrx_word' id='word_1_247' title='bbox 1920 2656 1929 2665; x_wconf 92' lang='lat'><strong>.</strong></span> <span class='ocrx_word' id='word_1_248' title='bbox 1965 2657 1974 2665; x_wconf 93' lang='lat'><strong>.</strong></span> <span class='ocrx_word' id='word_1_249' title='bbox 2010 2658 2017 2665; x_wconf 92' lang='lat'><strong><em>.</em></strong></span> <span class='ocrx_word' id='word_1_250' title='bbox 2061 2622 2462 2679; x_wconf 87' lang='lat' dir='ltr'>significationem.</span> 
     </span>
     <span class='ocr_line' id='line_1_29' title="bbox 276 2754 2460 2857; baseline 0.002 -18"><span class='ocrx_word' id='word_1_251' title='bbox 276 2796 521 2840; x_wconf 87' lang='lat' dir='ltr'>lationem:</span> <span class='ocrx_word' id='word_1_252' title='bbox 548 2754 1015 2853; x_wconf 79' lang='lat' dir='ltr'>quamobremqtertia</span> <span class='ocrx_word' id='word_1_253' title='bbox 1040 2835 1049 2844; x_wconf 92' lang='lat'><strong><em>.</em></strong></span> <span class='ocrx_word' id='word_1_254' title='bbox 1078 2834 1087 2844; x_wconf 92' lang='lat'><strong>.</strong></span> <span class='ocrx_word' id='word_1_255' title='bbox 1115 2834 1124 2843; x_wconf 88' lang='lat'><strong>.</strong></span> <span class='ocrx_word' id='word_1_256' title='bbox 1151 2799 1501 2856; x_wconf 86' lang='lat' dir='ltr'>proloquiorum</span> <span class='ocrx_word' id='word_1_257' title='bbox 1526 2755 1748 2856; x_wconf 53' lang='lat' dir='ltr'>summ3);</span> <span class='ocrx_word' id='word_1_258' title='bbox 1772 2801 1829 2854; x_wconf 80' lang='lat' dir='ltr'>cf.</span> <span class='ocrx_word' id='word_1_259' title='bbox 1852 2755 1994 2844; x_wconf 41' lang='lat' dir='ltr'>⁴lelart.</span> <span class='ocrx_word' id='word_1_260' title='bbox 2025 2756 2134 2856; x_wconf 52' lang='lat'><em>0032.</em></span> <span class='ocrx_word' id='word_1_261' title='bbox 2162 2801 2244 2845; x_wconf 90' lang='lat' dir='ltr'>IV</span> <span class='ocrx_word' id='word_1_262' title='bbox 2261 2804 2354 2845; x_wconf 89' lang='grc'>388</span> <span class='ocrx_word' id='word_1_263' title='bbox 2371 2815 2460 2857; x_wconf 79' lang='lat' dir='ltr'>sqq.</span> 
     </span>
     <span class='ocr_line' id='line_1_30' title="bbox 276 2857 2461 2916; baseline 0.001 -16"><span class='ocrx_word' id='word_1_264' title='bbox 276 2858 304 2912; x_wconf 88' lang='lat'>(.</span> <span class='ocrx_word' id='word_1_265' title='bbox 341 2892 348 2900; x_wconf 91' lang='lat'><strong>.</strong></span> <span class='ocrx_word' id='word_1_266' title='bbox 384 2891 392 2899; x_wconf 90' lang='lat'><strong><em>.</em></strong></span> <span class='ocrx_word' id='word_1_267' title='bbox 427 2857 578 2912; x_wconf 89' lang='lat' dir='ltr'>prima</span> <span class='ocrx_word' id='word_1_268' title='bbox 609 2871 808 2913; x_wconf 87' lang='lat' dir='ltr'>persona</span> <span class='ocrx_word' id='word_1_269' title='bbox 841 2858 1076 2915; x_wconf 88' lang='lat' dir='ltr'>significat</span> <span class='ocrx_word' id='word_1_270' title='bbox 1109 2858 1289 2914; x_wconf 88' lang='lat' dir='ltr'>aliquid</span> <span class='ocrx_word' id='word_1_271' title='bbox 1321 2859 1447 2915; x_wconf 91' lang='lat' dir='ltr'>quod</span> <span class='ocrx_word' id='word_1_272' title='bbox 1478 2859 1574 2902; x_wconf 87' lang='lat' dir='ltr'>iam</span> <span class='ocrx_word' id='word_1_273' title='bbox 1606 2859 1767 2916; x_wconf 80' lang='lat' dir='ltr'>negari</span> <span class='ocrx_word' id='word_1_274' title='bbox 1792 2858 1865 2902; x_wconf 89' lang='lat' dir='ltr'>vel</span> <span class='ocrx_word' id='word_1_275' title='bbox 1897 2859 2121 2902; x_wconf 88' lang='lat' dir='ltr'>affirmari</span> <span class='ocrx_word' id='word_1_276' title='bbox 2153 2860 2303 2915; x_wconf 87' lang='lat' dir='ltr'>possit</span> <span class='ocrx_word' id='word_1_277' title='bbox 2334 2862 2381 2904; x_wconf 90' lang='lat' dir='ltr'>et</span> <span class='ocrx_word' id='word_1_278' title='bbox 2411 2859 2461 2903; x_wconf 91' lang='lat' dir='ltr'>in</span> 
     </span>
     <span class='ocr_line' id='line_1_31' title="bbox 276 2915 2462 2975; baseline 0.002 -17"><span class='ocrx_word' id='word_1_279' title='bbox 276 2915 511 2959; x_wconf 83' lang='lat' dir='ltr'>hominem</span> <span class='ocrx_word' id='word_1_280' title='bbox 542 2919 730 2960; x_wconf 87' lang='lat' dir='ltr'>tantum</span> <span class='ocrx_word' id='word_1_281' title='bbox 762 2917 890 2960; x_wconf 89' lang='lat' dir='ltr'>cadit</span> <span class='ocrx_word' id='word_1_282' title='bbox 923 2953 931 2961; x_wconf 92' lang='lat'><strong>.</strong></span> <span class='ocrx_word' id='word_1_283' title='bbox 960 2953 967 2960; x_wconf 89' lang='lat'><strong>.</strong></span> <span class='ocrx_word' id='word_1_284' title='bbox 998 2954 1006 2962; x_wconf 92' lang='lat'><strong>.</strong></span> <span class='ocrx_word' id='word_1_285' title='bbox 1039 2918 1180 2962; x_wconf 88' lang='lat' dir='ltr'>tertia</span> <span class='ocrx_word' id='word_1_286' title='bbox 1211 2931 1317 2961; x_wconf 91' lang='lat' dir='ltr'>vero</span> <span class='ocrx_word' id='word_1_287' title='bbox 1348 2932 1548 2975; x_wconf 87' lang='lat' dir='ltr'>persona</span> <span class='ocrx_word' id='word_1_288' title='bbox 1574 2933 1665 2962; x_wconf 92' lang='lat' dir='ltr'>non</span> <span class='ocrx_word' id='word_1_289' title='bbox 1697 2918 1896 2961; x_wconf 88' lang='lat' dir='ltr'>hominis</span> <span class='ocrx_word' id='word_1_290' title='bbox 1928 2920 2113 2962; x_wconf 87' lang='lat' dir='ltr'>tantum</span> <span class='ocrx_word' id='word_1_291' title='bbox 2138 2921 2209 2962; x_wconf 87' lang='lat' dir='ltr'>est</span> <span class='ocrx_word' id='word_1_292' title='bbox 2234 2919 2315 2963; x_wconf 87' lang='lat' dir='ltr'>sed</span> <span class='ocrx_word' id='word_1_293' title='bbox 2348 2918 2462 2962; x_wconf 83' lang='lat' dir='ltr'>alia-</span> 
     </span>
     <span class='ocr_line' id='line_1_32' title="bbox 274 2975 2463 3034; baseline 0.002 -17"><span class='ocrx_word' id='word_1_294' title='bbox 274 2989 377 3018; x_wconf 92' lang='lat' dir='ltr'>rum</span> <span class='ocrx_word' id='word_1_295' title='bbox 410 2975 553 3018; x_wconf 87' lang='lat' dir='ltr'>etiam</span> <span class='ocrx_word' id='word_1_296' title='bbox 582 2989 736 3019; x_wconf 89' lang='lat' dir='ltr'>rerum</span> <span class='ocrx_word' id='word_1_297' title='bbox 772 3012 779 3019; x_wconf 93' lang='lat'>.</span> <span class='ocrx_word' id='word_1_298' title='bbox 817 3012 824 3019; x_wconf 93' lang='lat'>.</span> <span class='ocrx_word' id='word_1_299' title='bbox 860 3012 867 3019; x_wconf 93' lang='lat'>.</span> <span class='ocrx_word' id='word_1_300' title='bbox 902 2977 993 3020; x_wconf 90' lang='lat' dir='ltr'>nisi</span> <span class='ocrx_word' id='word_1_301' title='bbox 1035 2977 1157 3021; x_wconf 89' lang='lat' dir='ltr'>forte</span> <span class='ocrx_word' id='word_1_302' title='bbox 1189 2978 1245 3020; x_wconf 90' lang='lat' dir='ltr'>de</span> <span class='ocrx_word' id='word_1_303' title='bbox 1280 2978 1365 3021; x_wconf 88' lang='lat' dir='ltr'>deo</span> <span class='ocrx_word' id='word_1_304' title='bbox 1400 2977 1584 3021; x_wconf 89' lang='lat' dir='ltr'>dicatur</span> <span class='ocrx_word' id='word_1_305' title='bbox 1615 2977 1795 3032; x_wconf 88' lang='lat' dir='ltr'>aliquid</span> <span class='ocrx_word' id='word_1_306' title='bbox 1828 2977 1952 3033; x_wconf 87' lang='lat' dir='ltr'>quod</span> <span class='ocrx_word' id='word_1_307' title='bbox 1997 2977 2054 3021; x_wconf 91' lang='lat' dir='ltr'>de</span> <span class='ocrx_word' id='word_1_308' title='bbox 2087 2992 2139 3022; x_wconf 92' lang='lat' dir='ltr'>eo</span> <span class='ocrx_word' id='word_1_309' title='bbox 2172 2977 2269 3022; x_wconf 91' lang='lat' dir='ltr'>solo</span> <span class='ocrx_word' id='word_1_310' title='bbox 2313 2978 2463 3034; x_wconf 90' lang='lat' dir='ltr'>possit</span> 
     </span>
     <span class='ocr_line' id='line_1_33' title="bbox 275 3033 2461 3093; baseline 0.002 -17"><span class='ocrx_word' id='word_1_311' title='bbox 275 3033 504 3091; x_wconf 87' lang='lat' dir='ltr'>intellegi,</span> <span class='ocrx_word' id='word_1_312' title='bbox 536 3037 589 3078; x_wconf 92' lang='lat' dir='ltr'>ut</span> <span class='ocrx_word' id='word_1_313' title='bbox 623 3049 727 3078; x_wconf 92' lang='lat' dir='ltr'>cum</span> <span class='ocrx_word' id='word_1_314' title='bbox 761 3035 959 3079; x_wconf 88' lang='lat' dir='ltr'>dicimus</span> <span class='ocrx_word' id='word_1_315' title='bbox 990 3036 1115 3092; x_wconf 86' lang='lat' dir='ltr'>pluit</span> <span class='ocrx_word' id='word_1_316' title='bbox 1141 3071 1147 3078; x_wconf 95' lang='lat'>.</span> <span class='ocrx_word' id='word_1_317' title='bbox 1177 3071 1186 3080; x_wconf 90' lang='lat'>.</span> <span class='ocrx_word' id='word_1_318' title='bbox 1215 3077 1222 3085; x_wconf 84' lang='grc'><em>,</em></span> <span class='ocrx_word' id='word_1_319' title='bbox 1251 3037 1376 3091; x_wconf 91' lang='lat' dir='ltr'>quod</span> <span class='ocrx_word' id='word_1_320' title='bbox 1409 3051 1518 3093; x_wconf 83' lang='lat' dir='ltr'>ergo</span> <span class='ocrx_word' id='word_1_321' title='bbox 1551 3036 1693 3080; x_wconf 89' lang='lat' dir='ltr'>fuerit</span> <span class='ocrx_word' id='word_1_322' title='bbox 1718 3049 1773 3080; x_wconf 84' lang='lat' dir='ltr'>ex</span> <span class='ocrx_word' id='word_1_323' title='bbox 1806 3036 2090 3081; x_wconf 89' lang='lat' dir='ltr'>nominativo</span> <span class='ocrx_word' id='word_1_324' title='bbox 2117 3050 2229 3081; x_wconf 84' lang='lat' dir='ltr'>casu</span> <span class='ocrx_word' id='word_1_325' title='bbox 2260 3037 2461 3081; x_wconf 91' lang='lat' dir='ltr'>nominis</span> 
     </span>
     <span class='ocr_line' id='line_1_34' title="bbox 274 3093 2463 3152; baseline 0.002 -16"><span class='ocrx_word' id='word_1_326' title='bbox 274 3094 323 3136; x_wconf 90' lang='lat' dir='ltr'>et</span> <span class='ocrx_word' id='word_1_327' title='bbox 353 3093 493 3137; x_wconf 88' lang='lat' dir='ltr'>tertia</span> <span class='ocrx_word' id='word_1_328' title='bbox 521 3093 651 3138; x_wconf 87' lang='lat' dir='ltr'>verbi</span> <span class='ocrx_word' id='word_1_329' title='bbox 682 3108 880 3150; x_wconf 87' lang='lat' dir='ltr'>persona</span> <span class='ocrx_word' id='word_1_330' title='bbox 913 3096 1211 3139; x_wconf 91' lang='lat' dir='ltr'>coniunctum</span> <span class='ocrx_word' id='word_1_331' title='bbox 1243 3095 1539 3152; x_wconf 89' lang='lat' dir='ltr'>proloquium</span> <span class='ocrx_word' id='word_1_332' title='bbox 1572 3096 1756 3150; x_wconf 91' lang='lat' dir='ltr'>dicitur,</span> <span class='ocrx_word' id='word_1_333' title='bbox 1789 3095 1858 3139; x_wconf 87' lang='lat' dir='ltr'>ita</span> <span class='ocrx_word' id='word_1_334' title='bbox 1889 3098 1942 3139; x_wconf 82' lang='lat' dir='ltr'>ut</span> <span class='ocrx_word' id='word_1_335' title='bbox 1975 3096 2070 3139; x_wconf 89' lang='lat' dir='ltr'>iam</span> <span class='ocrx_word' id='word_1_336' title='bbox 2095 3097 2355 3141; x_wconf 88' lang='lat' dir='ltr'>necessario</span> <span class='ocrx_word' id='word_1_337' title='bbox 2380 3098 2463 3141; x_wconf 85' lang='lat' dir='ltr'>aut</span> 
     </span>
     <span class='ocr_line' id='line_1_35' title="bbox 274 3152 2463 3212; baseline 0.002 -17"><span class='ocrx_word' id='word_1_338' title='bbox 274 3166 435 3196; x_wconf 84' lang='lat' dir='ltr'>verum</span> <span class='ocrx_word' id='word_1_339' title='bbox 467 3152 530 3196; x_wconf 88' lang='lat' dir='ltr'>sit</span> <span class='ocrx_word' id='word_1_340' title='bbox 562 3155 645 3196; x_wconf 86' lang='lat' dir='ltr'>aut</span> <span class='ocrx_word' id='word_1_341' title='bbox 675 3153 847 3197; x_wconf 86' lang='lat' dir='ltr'>falsum</span> <span class='ocrx_word' id='word_1_342' title='bbox 879 3156 961 3198; x_wconf 90' lang='lat' dir='ltr'>aut</span> <span class='ocrx_word' id='word_1_343' title='bbox 993 3155 1188 3198; x_wconf 89' lang='lat' dir='ltr'>dubium</span> <span class='ocrx_word' id='word_1_344' title='bbox 1221 3190 1229 3198; x_wconf 90' lang='lat'><strong>.</strong></span> <span class='ocrx_word' id='word_1_345' title='bbox 1259 3190 1266 3198; x_wconf 94' lang='lat'><strong><em>.</em></strong></span> <span class='ocrx_word' id='word_1_346' title='bbox 1296 3191 1303 3198; x_wconf 95' lang='lat'><strong>.</strong></span> <span class='ocrx_word' id='word_1_347' title='bbox 1339 3157 1447 3198; x_wconf 91' lang='lat' dir='ltr'>sunt</span> <span class='ocrx_word' id='word_1_348' title='bbox 1479 3155 1622 3198; x_wconf 83' lang='lat' dir='ltr'>etiam</span> <span class='ocrx_word' id='word_1_349' title='bbox 1655 3155 1915 3199; x_wconf 85' lang='lat' dir='ltr'>sententiae</span> <span class='ocrx_word' id='word_1_350' title='bbox 1948 3169 2067 3211; x_wconf 88' lang='lat' dir='ltr'>quae</span> <span class='ocrx_word' id='word_1_351' title='bbox 2100 3156 2312 3212; x_wconf 87' lang='lat' dir='ltr'>quamvis</span> <span class='ocrx_word' id='word_1_352' title='bbox 2355 3169 2463 3200; x_wconf 88' lang='lat' dir='ltr'>con-</span> 
     </span>
     <span class='ocr_line' id='line_1_36' title="bbox 276 3212 2462 3271; baseline 0.001 -16"><span class='ocrx_word' id='word_1_353' title='bbox 276 3213 401 3255; x_wconf 84' lang='lat' dir='ltr'>stent</span> <span class='ocrx_word' id='word_1_354' title='bbox 445 3225 500 3255; x_wconf 85' lang='lat' dir='ltr'>ex</span> <span class='ocrx_word' id='word_1_355' title='bbox 542 3212 729 3257; x_wconf 87' lang='lat' dir='ltr'>nomine</span> <span class='ocrx_word' id='word_1_356' title='bbox 774 3215 820 3257; x_wconf 88' lang='lat' dir='ltr'>et</span> <span class='ocrx_word' id='word_1_357' title='bbox 856 3214 992 3257; x_wconf 88' lang='lat' dir='ltr'>verbo</span> <span class='ocrx_word' id='word_1_358' title='bbox 1038 3214 1260 3258; x_wconf 88' lang='lat' dir='ltr'>affirmari</span> <span class='ocrx_word' id='word_1_359' title='bbox 1303 3216 1461 3258; x_wconf 88' lang='lat' dir='ltr'>tamen</span> <span class='ocrx_word' id='word_1_360' title='bbox 1505 3216 1587 3258; x_wconf 87' lang='lat' dir='ltr'>aut</span> <span class='ocrx_word' id='word_1_361' title='bbox 1629 3214 1792 3271; x_wconf 88' lang='lat' dir='ltr'>negari</span> <span class='ocrx_word' id='word_1_362' title='bbox 1834 3228 1927 3258; x_wconf 95' lang='lat' dir='ltr'>non</span> <span class='ocrx_word' id='word_1_363' title='bbox 1963 3216 2171 3271; x_wconf 88' lang='lat' dir='ltr'>possunt,</span> <span class='ocrx_word' id='word_1_364' title='bbox 2208 3229 2328 3271; x_wconf 88' lang='lat' dir='ltr'>quae</span> <span class='ocrx_word' id='word_1_365' title='bbox 2369 3229 2462 3259; x_wconf 90' lang='lat' dir='ltr'>non</span> 
     </span>
     <span class='ocr_line' id='line_1_37' title="bbox 274 3270 2460 3331; baseline 0.003 -18"><span class='ocrx_word' id='word_1_366' title='bbox 274 3270 521 3327; x_wconf 86' lang='lat' dir='ltr'>proloquia</span> <span class='ocrx_word' id='word_1_367' title='bbox 554 3272 634 3315; x_wconf 87' lang='lat' dir='ltr'>sed</span> <span class='ocrx_word' id='word_1_368' title='bbox 679 3272 865 3329; x_wconf 89' lang='lat' dir='ltr'>eloquia</span> <span class='ocrx_word' id='word_1_369' title='bbox 908 3273 1000 3316; x_wconf 90' lang='lat' dir='ltr'>dici</span> <span class='ocrx_word' id='word_1_370' title='bbox 1044 3273 1280 3317; x_wconf 89' lang='lat' dir='ltr'>nonnullis</span> <span class='ocrx_word' id='word_1_371' title='bbox 1323 3274 1524 3330; x_wconf 84' lang='lat' dir='ltr'>placuit,</span> <span class='ocrx_word' id='word_1_372' title='bbox 1556 3276 1608 3317; x_wconf 87' lang='lat' dir='ltr'>ut</span> <span class='ocrx_word' id='word_1_373' title='bbox 1640 3276 1710 3317; x_wconf 88' lang='lat' dir='ltr'>est</span> <span class='ocrx_word' id='word_1_374' title='bbox 1743 3273 1904 3317; x_wconf 88' lang='lat' dir='ltr'>modus</span> <span class='ocrx_word' id='word_1_375' title='bbox 1936 3273 2238 3331; x_wconf 85' lang='lat' dir='ltr'>imperativus</span> <span class='ocrx_word' id='word_1_376' title='bbox 2270 3289 2303 3319; x_wconf 85' lang='lat' dir='ltr'>e.</span> <span class='ocrx_word' id='word_1_377' title='bbox 2329 3289 2368 3331; x_wconf 80' lang='lat' dir='ltr'>q.</span> <span class='ocrx_word' id='word_1_378' title='bbox 2393 3276 2460 3331; x_wconf 80' lang='lat'><strong>8.).</strong></span> 
     </span>
     <span class='ocr_line' id='line_1_38' title="bbox 276 3331 2461 3390; baseline 0.001 -15"><span class='ocrx_word' id='word_1_379' title='bbox 276 3333 367 3375; x_wconf 82' lang='lat'>338</span> <span class='ocrx_word' id='word_1_380' title='bbox 398 3331 678 3386; x_wconf 83' lang='lat' dir='ltr'>(consistunt</span> <span class='ocrx_word' id='word_1_381' title='bbox 709 3345 789 3376; x_wconf 89' lang='lat' dir='ltr'>sex</span> <span class='ocrx_word' id='word_1_382' title='bbox 821 3346 1012 3377; x_wconf 88' lang='lat' dir='ltr'>normae</span> <span class='ocrx_word' id='word_1_383' title='bbox 1045 3334 1148 3389; x_wconf 90' lang='lat' dir='ltr'>quis</span> <span class='ocrx_word' id='word_1_384' title='bbox 1182 3335 1398 3377; x_wconf 89' lang='lat' dir='ltr'>constant</span> <span class='ocrx_word' id='word_1_385' title='bbox 1431 3335 1612 3377; x_wconf 86' lang='lat' dir='ltr'>ceterae</span> <span class='ocrx_word' id='word_1_386' title='bbox 1646 3333 1942 3388; x_wconf 87' lang='lat' dir='ltr'>disciplinae:</span> <span class='ocrx_word' id='word_1_387' title='bbox 1978 3349 2087 3377; x_wconf 82' lang='lat' dir='ltr'>nam</span> <span class='ocrx_word' id='word_1_388' title='bbox 2118 3334 2269 3390; x_wconf 86' lang='lat' dir='ltr'>prima</span> <span class='ocrx_word' id='word_1_389' title='bbox 2301 3335 2373 3378; x_wconf 87' lang='lat' dir='ltr'>est</span> <span class='ocrx_word' id='word_1_390' title='bbox 2404 3333 2461 3377; x_wconf 87' lang='lat' dir='ltr'>de</span> 
     </span>
     <span class='ocr_line' id='line_1_39' title="bbox 263 3388 2459 3449; baseline 0.002 -17"><span class='ocrx_word' id='word_1_391' title='bbox 263 3388 524 3446; x_wconf 78' lang='lat' dir='ltr'>loquendo,</span> <span class='ocrx_word' id='word_1_392' title='bbox 556 3391 761 3434; x_wconf 88' lang='lat' dir='ltr'>secunda</span> <span class='ocrx_word' id='word_1_393' title='bbox 794 3392 851 3435; x_wconf 90' lang='lat' dir='ltr'>de</span> <span class='ocrx_word' id='word_1_394' title='bbox 885 3391 1160 3449; x_wconf 89' lang='lat' dir='ltr'>eloquendo,</span> <span class='ocrx_word' id='word_1_395' title='bbox 1192 3392 1335 3436; x_wconf 90' lang='lat' dir='ltr'>tertia</span> <span class='ocrx_word' id='word_1_396' title='bbox 1368 3392 1424 3436; x_wconf 90' lang='lat' dir='ltr'>de</span> <span class='ocrx_word' id='word_1_397' title='bbox 1455 3392 1790 3449; x_wconf 80' lang='lat' dir='ltr'>proloquendo,</span> <span class='ocrx_word' id='word_1_398' title='bbox 1824 3394 1991 3447; x_wconf 83' lang='lat' dir='ltr'>quarta</span> <span class='ocrx_word' id='word_1_399' title='bbox 2023 3393 2080 3437; x_wconf 90' lang='lat' dir='ltr'>de</span> <span class='ocrx_word' id='word_1_400' title='bbox 2113 3392 2459 3449; x_wconf 87' lang='lat' dir='ltr'>proloquiorum</span> 
     </span>
     <span class='ocr_line' id='line_1_40' title="bbox 280 3454 653 3507; baseline 0.003 -15"><span class='ocrx_word' id='word_1_401' title='bbox 280 3463 460 3493; x_wconf 89' lang='lat' dir='ltr'>summa</span> <span class='ocrx_word' id='word_1_402' title='bbox 491 3463 525 3493; x_wconf 87' lang='lat' dir='ltr'>e.</span> <span class='ocrx_word' id='word_1_403' title='bbox 544 3464 583 3506; x_wconf 79' lang='lat' dir='ltr'>q.</span> <span class='ocrx_word' id='word_1_404' title='bbox 601 3454 653 3507; x_wconf 83' lang='lat' dir='ltr'>s.)</span> 
     </span>
    </p>
   </div>
   <div class='ocr_carea' id='block_1_8' title="bbox 338 3567 634 3573">
    <p class='ocr_par' dir='ltr' id='par_1_8' title="bbox 338 3567 634 3573">
     <span class='ocr_line' id='line_1_41' title="bbox 338 3567 634 3573; baseline 0 0"><span class='ocrx_word' id='word_1_405' title='bbox 338 3567 634 3573; x_wconf 95' lang='lat' dir='ltr'> </span> 
     </span>
    </p>
   </div>
   <div class='ocr_carea' id='block_1_9' title="bbox 274 3650 2463 3829">
    <p class='ocr_par' dir='ltr' id='par_1_9' title="bbox 274 3650 2463 3829">
     <span class='ocr_line' id='line_1_42' title="bbox 427 3650 2459 3710; baseline -0 -15"><span class='ocrx_word' id='word_1_406' title='bbox 427 3657 449 3695; x_wconf 90' lang='lat'>1</span> <span class='ocrx_word' id='word_1_407' title='bbox 485 3651 748 3709; x_wconf 82' lang='lat' dir='ltr'>significare</span> <span class='ocrx_word' id='word_1_408' title='bbox 778 3654 848 3697; x_wconf 80' lang='lat' dir='ltr'>vel</span> <span class='ocrx_word' id='word_1_409' title='bbox 879 3652 1132 3709; x_wconf 87' lang='lat' dir='ltr'>significari</span> <span class='ocrx_word' id='word_1_410' title='bbox 1164 3655 1177 3710; x_wconf 86' lang='grc' dir='ltr'>ΙΙ</span> <span class='ocrx_word' id='word_1_411' title='bbox 1210 3657 1235 3695; x_wconf 80' lang='lat'>2</span> <span class='ocrx_word' id='word_1_412' title='bbox 1260 3652 1463 3708; x_wconf 86' lang='lat' dir='ltr'>perflexa</span> <span class='ocrx_word' id='word_1_413' title='bbox 1495 3653 1563 3696; x_wconf 78' lang='lat' dir='ltr'>vel</span> <span class='ocrx_word' id='word_1_414' title='bbox 1592 3651 1814 3708; x_wconf 86' lang='lat' dir='ltr'>perplexa</span> <span class='ocrx_word' id='word_1_415' title='bbox 1845 3654 1858 3709; x_wconf 85' lang='grc' dir='ltr'>ΙΙ</span> <span class='ocrx_word' id='word_1_416' title='bbox 1892 3657 1916 3696; x_wconf 88' lang='grc'>6</span> <span class='ocrx_word' id='word_1_417' title='bbox 1942 3652 2168 3698; x_wconf 85' lang='lat' dir='ltr'>ferecides</span> <span class='ocrx_word' id='word_1_418' title='bbox 2201 3653 2214 3708; x_wconf 88' lang='grc' dir='ltr'>ΙΙ</span> <span class='ocrx_word' id='word_1_419' title='bbox 2249 3656 2271 3695; x_wconf 85' lang='grc'><strong>7</strong></span> <span class='ocrx_word' id='word_1_420' title='bbox 2298 3650 2459 3708; x_wconf 82' lang='lat' dir='ltr'>Syrius</span> 
     </span>
     <span class='ocr_line' id='line_1_43' title="bbox 275 3709 2463 3769; baseline 0.001 -15"><span class='ocrx_word' id='word_1_421' title='bbox 275 3710 425 3765; x_wconf 72' lang='lat' dir='ltr'>Areo„</span> <span class='ocrx_word' id='word_1_422' title='bbox 457 3709 598 3767; x_wconf 84' lang='lat' dir='ltr'>Syrus</span> <span class='ocrx_word' id='word_1_423' title='bbox 630 3712 739 3757; x_wconf 72' lang='lat' dir='ltr'>libri</span> <span class='ocrx_word' id='word_1_424' title='bbox 773 3712 951 3757; x_wconf 81' lang='lat' dir='ltr'>Ottom&#39;s</span> <span class='ocrx_word' id='word_1_425' title='bbox 988 3714 1001 3769; x_wconf 76' lang='grc' dir='ltr'>ΙΙ</span> <span class='ocrx_word' id='word_1_426' title='bbox 1042 3717 1068 3755; x_wconf 88' lang='grc'>8</span> <span class='ocrx_word' id='word_1_427' title='bbox 1099 3711 1277 3768; x_wconf 88' lang='lat' dir='ltr'>pirrum</span> <span class='ocrx_word' id='word_1_428' title='bbox 1311 3714 1317 3768; x_wconf 83' lang='grc' dir='ltr'>Ι</span> <span class='ocrx_word' id='word_1_429' title='bbox 1352 3711 1530 3768; x_wconf 88' lang='lat' dir='ltr'>primus</span> <span class='ocrx_word' id='word_1_430' title='bbox 1561 3713 1629 3756; x_wconf 84' lang='lat' dir='ltr'>vel</span> <span class='ocrx_word' id='word_1_431' title='bbox 1659 3711 1789 3767; x_wconf 90' lang='lat' dir='ltr'>prius</span> <span class='ocrx_word' id='word_1_432' title='bbox 1829 3714 1842 3767; x_wconf 83' lang='grc' dir='ltr'>ΙΙ</span> <span class='ocrx_word' id='word_1_433' title='bbox 1883 3716 1907 3755; x_wconf 89' lang='grc'>9</span> <span class='ocrx_word' id='word_1_434' title='bbox 1942 3712 2048 3756; x_wconf 85' lang='lat' dir='ltr'>exin</span> <span class='ocrx_word' id='word_1_435' title='bbox 2082 3712 2234 3765; x_wconf 74' lang='lat' dir='ltr'>Wilm,</span> <span class='ocrx_word' id='word_1_436' title='bbox 2264 3716 2378 3756; x_wconf 80' lang='lat' dir='ltr'>recte</span> <span class='ocrx_word' id='word_1_437' title='bbox 2409 3716 2463 3756; x_wconf 81' lang='lat' dir='ltr'>ut</span> 
     </span>
     <span class='ocr_line' id='line_1_44' title="bbox 274 3770 2238 3829; baseline 0.001 -17"><span class='ocrx_word' id='word_1_438' title='bbox 274 3770 353 3813; x_wconf 77' lang='lat' dir='ltr'>vid</span> <span class='ocrx_word' id='word_1_439' title='bbox 380 3771 386 3826; x_wconf 88' lang='grc' dir='ltr'>Ι</span> <span class='ocrx_word' id='word_1_440' title='bbox 417 3770 497 3828; x_wconf 88' lang='lat' dir='ltr'>[et]</span> <span class='ocrx_word' id='word_1_441' title='bbox 531 3771 648 3815; x_wconf 80' lang='lat' dir='ltr'>idem</span> <span class='ocrx_word' id='word_1_442' title='bbox 679 3772 693 3827; x_wconf 79' lang='grc' dir='ltr'>ΙΙ</span> <span class='ocrx_word' id='word_1_443' title='bbox 728 3775 782 3814; x_wconf 91' lang='grc'>10</span> <span class='ocrx_word' id='word_1_444' title='bbox 814 3786 1117 3827; x_wconf 73' lang='grc' dir='ltr'><strong><em>μικροπτεραι</em></strong></span> <span class='ocrx_word' id='word_1_445' title='bbox 1152 3785 1253 3817; x_wconf 82' lang='lat' dir='ltr'>corr</span> <span class='ocrx_word' id='word_1_446' title='bbox 1268 3770 1525 3829; x_wconf 76' lang='lat' dir='ltr'>Stephanus</span> <span class='ocrx_word' id='word_1_447' title='bbox 1554 3771 1568 3827; x_wconf 86' lang='grc' dir='ltr'>ΙΙ</span> <span class='ocrx_word' id='word_1_448' title='bbox 1607 3775 1660 3814; x_wconf 85' lang='lat'>15</span> <span class='ocrx_word' id='word_1_449' title='bbox 1693 3770 1919 3826; x_wconf 76' lang='lat' dir='ltr'>quiddam</span> <span class='ocrx_word' id='word_1_450' title='bbox 1950 3772 2018 3816; x_wconf 84' lang='lat' dir='ltr'>vel</span> <span class='ocrx_word' id='word_1_451' title='bbox 2049 3770 2238 3827; x_wconf 88' lang='lat' dir='ltr'>quidem</span> 
     </span>
    </p>
   </div>
   <div class='ocr_carea' id='block_1_10' title="bbox 2490 1118 2532 1149">
    <p class='ocr_par' dir='ltr' id='par_1_10' title="bbox 2490 1118 2532 1149">
     <span class='ocr_line' id='line_1_45' title="bbox 2490 1118 2532 1149; baseline -0.024 0"><span class='ocrx_word' id='word_1_452' title='bbox 2490 1118 2532 1149; x_wconf 88' lang='lat'>10</span> 
     </span>
    </p>
   </div>
   <div class='ocr_carea' id='block_1_11' title="bbox 2491 1753 2531 1785">
    <p class='ocr_par' dir='ltr' id='par_1_11' title="bbox 2491 1753 2531 1785">
     <span class='ocr_line' id='line_1_46' title="bbox 2491 1753 2531 1785; baseline -0.025 0"><span class='ocrx_word' id='word_1_453' title='bbox 2491 1753 2531 1785; x_wconf 86' lang='lat'>15</span> 
     </span>
    </p>
   </div>
  </div>
 </body>
</html>
