2600 4198
229 145 338 199 298
1080 143 1548 194 ADNOTATIONES

226 283 298 332 At
325 288 446 333 recte
475 286 660 333 monuit
682 285 921 333 Fwnaioli
948 285 1039 333 illa
1062 298 1247 345 quoque
1269 298 1392 344 quae
1422 285 1481 334 de
1510 283 1658 334 Accio
1687 286 1968 346 referuntur
1999 289 2110 336 ante
2137 287 2404 337 Varronem

226 362 531 414 nominatum
561 379 659 413 non
690 366 751 413 ab
784 366 881 413 alio
912 368 1106 414 auctore
1128 367 1424 425 profluxisse
1455 380 1605 426 eaque
1633 368 1950 427 reposuimus,

378 455 500 515 207,
526 455 609 501 15.
658 453 774 502 Non
803 453 1136 514 intelleyimus,
1167 467 1256 502 our
1285 456 1335 502 et
1367 470 1496 516 quae
1525 456 1728 504 nomina.
1759 455 1822 503 ab
1851 455 1945 504 hoc
1975 458 2092 505 sunt
2133 450 2189 523 (i.
2222 471 2259 505 e.
2291 459 2343 506 et
2374 473 2404 506 a.

225 534 507 583 nominibus
549 550 677 596 quae
719 534 782 582 ab
824 534 918 583 hoc
960 529 1099 601 sunt)
1130 535 1288 584 Marx
1317 537 1498 584 durwm
1529 550 1628 586 esse
1657 538 1801 594 dicat,
1830 539 1929 585 nisi
1959 537 2132 586 deinde
2173 540 2228 586 in
2268 540 2402 600 fraq-

223 620 436 664 mentwm
466 618 757 676 recipiatur:
786 617 838 663 in
871 630 962 676 quo
994 617 1075 664 vix
1104 618 1250 676 finire
1273 619 1436 677 potuit
1460 620 1821 678 grammaticus.
1872 619 1995 667 Mooe
2026 615 2157 684 εικῆ.)
2187 620 2403 682 primum

222 693 525 761 longa,‘<a>
564 697 726 746 brevis
777 697 970 760 syllaba
1008 698 1164 746 Marx
1213 712 1323 746 cum
1360 699 1638 756 Ribbeckio,
1687 701 1786 747 nisi
1835 700 1963 759 quod
2012 701 2094 748 ille
2135 706 2402 761 praeeunte

222 778 285 827 L.
302 779 558 835 Muellero,
589 780 872 827 assentiente
894 780 1055 827 Keilio
1088 780 1303 841 primum
1334 780 1388 828 in
1417 783 1739 840 suspicionem
1761 781 1975 838 vocabat,
2007 785 2254 842 tamquam
2275 785 2402 831 male

222 862 474 919 repetitum
506 875 562 908 ex
593 874 736 908 versu
757 861 1100 920 praecedente:
1129 864 1183 909 at
1201 862 1370 922 potius
1398 863 1501 921 ipse
1531 862 1758 910 Lucilius
1788 877 1845 911 ex
1867 865 2035 923 priore
2065 877 2208 912 versu
2239 878 2269 911 a
2299 864 2399 926 pri-

223 957 361 988 mum
391 942 579 1001 repetiit
619 943 822 1001 itemque
854 942 915 990 ab
948 942 1096 1002 (inter
1127 958 1158 990 a
1187 942 1218 990 b
1250 944 1481 991 omissum
1512 959 1544 992 a
1575 945 1791 1001 librari0‚
1832 944 1917 993 sed
1945 946 2271 993 necessarium
2301 949 2400 994 tam

221 1023 289 1069 ad
329 1026 534 1070 metrum
576 1038 723 1083 quam
764 1025 831 1072 ad
872 1026 1156 1072 sententiam
1197 1025 1455 1084 leniterque
1495 1025 1853 1087 recuperatum)
1879 1028 2144 1086 tamquam
2187 1027 2398 1087 exempla

220 1102 407 1152 litterae
428 1106 697 1164 productae
727 1108 1073 1166 correptaeque.

373 1194 493 1255 207,
514 1194 596 1241 26.
643 1193 714 1253 Of.
737 1193 1008 1242 Goidanicli
1035 1191 1164 1242 ‘Bia
1178 1195 1230 1242 di
1253 1191 1388 1253 filol’
1409 1195 1657 1244 XXXIV
1676 1195 1744 1256 (a.
1775 1197 1941 1258 1906)
1957 1213 2011 1257 p.
2034 1198 2105 1246 48
2129 1190 2178 1263 (Ι
2200 1197 2398 1247 litterae

223 1273 264 1320 E
298 1289 416 1321 corr.
454 1268 669 1340 Vsener).

370 1363 492 1424 208,
519 1364 565 1410 3.
605 1364 838 1411 Liberius
868 1367 1177 1412 correxerunt
1198 1364 1422 1413 addendo
1447 1367 1709 1414 traiciendo
1731 1367 2033 1415 immutando
2068 1369 2247 1418 Vsener
2262 1370 2396 1418 Mus.

218 1444 371 1491 Rhen.
407 1444 598 1491 XXIV
618 1459 671 1504 p.
709 1447 829 1501 104,
867 1447 973 1493 106
1017 1449 1158 1506 atque
1188 1446 1329 1504 Keil,·
1377 1445 1500 1494 nihil
1544 1448 1751 1507 profecit
1802 1448 2072 1497 Goidanich
2121 1451 2246 1498 inter
2295 1451 2395 1498 alia

218 1525 399 1573 litteris
421 1540 518 1585 pro
551 1526 766 1575 aetheris
798 1541 1032 1587 reponens
1042 1544 1060 1586 ,·
1082 1528 1238 1587 paulo
1269 1542 1389 1575 sane
1419 1529 1594 1576 durius
1623 1543 1803 1576 novum
1835 1531 2102 1590 exemplum
2133 1533 2199 1579 ad
2219 1534 2395 1591 priora

217 1607 409 1655 faeileis
461 1607 664 1656 docileis
715 1608 993 1668 adplicatur
1034 1608 1291 1668 additoque
1340 1610 1553 1657 aetheris
1600 1609 1707 1670 (ubi
1758 1611 1884 1659 aeris
1921 1611 2214 1661 Lachmann
2260 1614 2396 1662 dubi-

218 1688 397 1749 tanter)
431 1690 526 1737 dat.
561 1690 653 1737 abl.
678 1691 896 1750 pluralis
935 1691 997 1738 ab
1041 1705 1162 1738 aura
1195 1691 1536 1751 distinquitur;
1564 1707 1716 1752 neque
1758 1696 1916 1740 tamen
1957 1694 2074 1741 haec
2113 1695 2395 1755 corriqenda

218 1771 458 1829 videntur,
502 1773 585 1820 sed
629 1773 950 1820 condonanda
993 1775 1266 1833 excerptori.
1320 1773 1458 1834 Quod
1498 1788 1608 1821 vero
1651 1775 1937 1834 adiunqitur
1969 1776 2025 1824 de
2063 1777 2306 1836 sinqulari
2343 1779 2395 1825 in

217 1854 446 1912 fraudem
478 1854 717 1914 producto
760 1856 866 1902 sine
906 1854 1096 1902 vinculo
1139 1855 1470 1903 accedentibus
1500 1856 1659 1903 verbis
1690 1857 1748 1903 ut
1777 1856 1881 1904 vidi
1913 1856 2159 1913 scribitur,
2194 1862 2395 1918 propter

213 1936 378 1994 ipsum
409 1949 640 1983 conexum
680 1935 821 1983 aliter
850 1936 1118 1996 intelleqere
1148 1951 1246 1984 non
1267 1951 1546 1997 possumu8‚
1576 1938 1674 1985 nisi
1705 1937 1763 1986 de
1794 1937 1838 1985 ei
1863 1953 1957 1998 pro
1987 1940 2007 1985 ἴ
2036 1940 2280 1987 interdum
2301 1955 2396 2000 per

215 2029 426 2063 errorem
470 2019 645 2077 scripto
701 2017 863 2078 (cuius
908 2019 980 2065 rei
1025 2021 1081 2065 ut
1122 2019 1261 2066 nobis
1314 2020 1650 2078 inscriptiones
1697 2020 1967 2079 codicesque
2011 2035 2133 2068 rara
2181 2022 2395 2080 exempla

204 2099 462 2157 praebent,
506 2099 576 2146 sic
623 2099 781 2147 Varro
830 2103 941 2148 ante
986 2101 1145 2148 oculos
1190 2101 1378 2148 videtur
1423 2101 1673 2148 habuisse:
1723 2115 1779 2148 ex
1824 2101 1999 2162 quibus
2047 2102 2140 2149 huc
2185 2104 2397 2161 quadrat

213 2178 335 2227 tibei
367 2202 423 2216 =
456 2179 552 2227 tibi
582 2183 720 2228 iuxta
751 2181 939 2237 uobeis,
971 2183 1075 2229 sim.
1087 2199 1102 2229 .·
1140 2183 1224 2229 sed
1254 2185 1310 2229 ut
1345 2182 1471 2230 ibeis
1502 2183 1734 2230 habemus
1765 2205 1821 2219 =
1853 2182 1971 2238 ibis,
2003 2186 2073 2231 sic
2104 2185 2218 2232 olim
2251 2186 2394 2233 etiam

214 2263 376 2310 aureis
409 2285 465 2298 =
498 2265 631 2311 auris
654 2278 915 2323 perperam
948 2264 1156 2312 exhiberi
1177 2262 1359 2324 potuit)
1370 2281 1385 2311 .·
1415 2265 1544 2311 unde
1575 2263 1616 2311 si
1649 2265 1696 2311 ei
1716 2267 1831 2324 post
1859 2266 2023 2326 potest
2053 2267 2392 2325 supplevimus.

213 2343 436 2402 Denique
466 2345 592 2403 quod
624 2344 689 2391 ad
719 2345 864 2391 verba
899 2344 939 2392 si
973 2346 1140 2392 autem
1173 2360 1208 2392 e.
1234 2359 1274 2404 q.
1300 2359 1336 2393 s.
1372 2345 1606 2405 apodosin
1637 2346 1975 2394 desiderarunt
2006 2349 2171 2403 critici,
2202 2363 2254 2396 re
2278 2363 2392 2396 vera

213 2426 361 2472 verba
394 2426 557 2487 apices
591 2439 626 2473 e.
653 2441 694 2485 q.
718 2441 755 2474 s.
790 2441 938 2488 super
961 2425 986 2472 I
1017 2428 1184 2474 tamen
1217 2429 1296 2474 ete.
1330 2428 1575 2487 aptissime
1607 2428 1931 2487 adplicantur,
1962 2429 2101 2476 modo
2124 2430 2144 2476 i
2169 2432 2280 2477 ante
2310 2429 2391 2477 lit-

211 2507 320 2553 tera
351 2507 597 2554 secludas:
629 2507 755 2567 quod
785 2509 896 2568 ipsa
919 2511 1154 2557 sententia
1187 2509 1252 2556 ad
1275 2523 1437 2556 omnes
1459 2510 1646 2557 vocales
1667 2512 1919 2569 pertinens
1952 2511 2096 2571 eaeiqit
2123 2525 2273 2570 neque
2303 2511 2392 2559 illa

211 2592 323 2636 ante
354 2589 459 2651 pila
489 2590 700 2650 offendit,
734 2604 842 2637 cum
874 2591 939 2638 ad
963 2590 1149 2639 Lucilii
1180 2591 1393 2651 exempla
1425 2594 1569 2639 antea
1601 2595 1969 2640 commemorata
1988 2593 2234 2653 pertineat
2263 2585 2391 2658 (pila

210 2670 264 2716 in
289 2685 390 2731 qua
413 2670 642 2719 lusimus:
674 2670 779 2733 pila
804 2686 931 2733 quae
961 2665 1219 2738 iacimus),
1252 2672 1337 2720 sed
1362 2675 1412 2721 et
1435 2674 1736 2733 interposuit,
1760 2675 1844 2733 qui
1865 2674 1992 2722 male
2013 2674 2104 2721 illa
2118 2688 2215 2734 pro
2238 2674 2391 2730 brevi,

213 2752 318 2814 pila
340 2766 437 2812 pro
468 2753 618 2816 longo
652 2754 863 2802 eiusdem
894 2754 1078 2802 litterae
1110 2754 1320 2814 exemplo
1350 2755 1530 2802 habuit.
1594 2755 1774 2804 Vsener
1794 2758 1908 2815 post
1937 2755 2166 2804 lacunam
2195 2758 2253 2804 ut
2282 2756 2391 2818 lea

210 2836 262 2880 et
285 2834 390 2895 pila
413 2836 621 2890 coniecit,
647 2836 773 2896 quod
795 2837 1042 2896 sequentia
1066 2838 1279 2896 occupat,
1301 2837 1457 2896 plura
1482 2837 1642 2884 eodem
1664 2838 1778 2884 vitio
1803 2837 2069 2898 corriqebat
2094 2833 2244 2885 ‘olim'
2261 2838 2388 2886 Keil.

360 2923 482 2984 208,
512 2924 592 2971 13.
644 2939 705 2970 ne
740 2922 780 2972 Ο
813 2925 866 2971 in
910 2939 965 2972 os
1008 2919 1060 2972 68
1105 2940 1260 2987 aeque
1303 2925 1493 2973 Vsener.
1544 2940 1605 2973 ne
1636 2940 1734 2973 uno
1767 2940 1886 2973 sono
1921 2924 2120 2973 eaedem
2151 2925 2276 2974 Keil.
2328 2943 2388 2975 ne

210 3000 353 3065 μέλος
394 3001 543 3067 ἀηδές
574 3005 838 3054 Buecheler
881 3005 1056 3066 (acute,
1097 3006 1183 3054 sed
1223 3007 1306 3054 vix
1348 3005 1504 3067 recte).
1555 3023 1616 3053 ne
1658 3008 1711 3053 in
1742 3002 1832 3070 <os
1865 3001 2014 3070 edes>
2046 3007 2135 3055 hos
2179 3001 2232 3056 ds
2276 3002 2388 3056 edes

214 3084 500 3133 Goidanich.
539 3086 616 3134 De
646 3103 707 3134 ne
739 3086 792 3133 in
827 3083 933 3135 ‘hos
965 3082 1166 3151 <edes>’
1201 3082 1323 3152 [scil.
1358 3083 1613 3151 ‘pugnos's
1646 3089 1704 3148 ef.
1738 3088 1900 3136 Plaut.
1925 3087 2102 3148 Amph.
2122 3087 2250 3152 309]
2281 3086 2387 3139 ‘hos

207 3161 338 3215 e'des'
372 3168 545 3227 coqitat
573 3167 768 3216 Schoell.

360 3256 482 3317 208,
510 3257 591 3304 19.
647 3255 722 3316 Of.
753 3257 1043 3306 Ritschelius
1078 3257 1248 3318 Opusc.
1281 3258 1384 3304 III
1399 3273 1453 3318 p.
1488 3259 1626 3315 376,
1670 3260 1754 3318 qui
1795 3259 1934 3308 libris
1976 3261 2035 3308 de
2076 3261 2261 3320 oriyine
2292 3261 2323 3308 l.
2356 3260 2384 3308 l.

208 3337 536 3396 fraqmentsum
578 3339 835 3394 tribuebat,
870 3340 997 3399 quod
1037 3339 1177 3388 libris
1207 3339 1265 3387 de
1304 3353 1522 3387 sermone
1554 3341 1582 3387 l.
1614 3341 1880 3389 vindicavit
1913 3341 2190 3390 Wilmanns
2221 3355 2384 3391 assen-

207 3420 349 3467 tiente
378 3419 656 3468 FwnaioliO.

359 3509 480 3572 210,
509 3509 576 3556 14
594 3523 662 3569 sq.
717 3514 770 3557 at
817 3504 1202 3573 altitudine<m>
1242 3508 1310 3557 ed.
1361 3509 1501 3558 Vind.
1552 3509 1869 3559 altitudinem
1908 3526 2017 3560 cum
2059 3511 2384 3561 Wilmannsio

206 3589 459 3650 Keibioque
480 3590 732 3646 Funaioli,
757 3591 841 3639 sed
865 3591 923 3651 cf.
944 3590 1127 3640 Schoell
1149 3589 1255 3640 Act.
1279 3605 1370 3639 soc.
1386 3591 1507 3651 phil.
1532 3592 1613 3640 VI
1619 3607 1673 3652 p.
1701 3594 1771 3640 73
1795 3593 1908 3641 adn.
1934 3593 1992 3641 de
2016 3592 2078 3640 ab
2103 3593 2384 3642 altitudine.

360 3672 481 3732 211,
509 3674 536 3720 9
557 3686 653 3733 sqq.
705 3671 779 3733 Of.
811 3672 879 3720 ad
912 3675 997 3729 44,
1024 3675 1176 3733 19sq.

358 3754 481 3814 214,
506 3754 575 3802 20
592 3768 691 3814 sqq.
733 3753 807 3814 C'f.
838 3753 1023 3803 Schoell
1052 3755 1083 3802 l.
1114 3770 1154 3803 s.
1183 3769 1223 3803 s.
1246 3769 1300 3814 p.
1333 3755 1420 3802 80.
