2600 4198
280 512 350 564 M.
375 511 684 564 Terentium
716 510 1013 563 Varronem
1050 510 1219 562 libros
1261 511 1323 562 de
1361 510 1548 581 lingua
1592 511 1760 563 latina
1799 510 1966 579 XXV,
2012 511 2068 563 in
2112 512 2310 580 quibus

130 600 512 670 componendis
553 618 672 653 eum
711 599 864 651 annis
906 617 948 650 a.
991 597 1044 650 O.
1084 618 1134 650 n.
1175 598 1396 651 47-45
1437 602 1754 667 occupatum
1793 599 1959 652 fuisse
1999 619 2063 652 ex
2104 598 2306 653 Cicero-

129 689 214 743 nis
255 689 573 758 quibusdam
611 689 744 741 locis
785 707 816 739 a
853 687 1110 740 Muellero
1150 689 1384 756 primum
1426 691 1566 740 recte
1605 687 1861 741 adhibitis
1902 689 1992 759 (ad
2029 687 2140 741 Att.
2175 688 2307 741 XIII

134 779 217 848 12,
253 779 301 830 3.
357 777 440 848 16,
476 779 530 848 13
569 777 652 829 18.
704 777 854 845 epist.
898 775 976 828 IX
1010 776 1041 828 8
1094 780 1147 828 et
1185 775 1348 828 Acad.
1386 780 1524 846 post.
1564 775 1590 829 I
1634 777 1679 846 1,
1704 778 1855 846 2sq.)
1907 778 2152 846 efficitur,
2197 797 2304 830 non

131 866 360 920 edendos
391 866 671 935 reliquisse
711 865 830 917 aliis
863 896 935 903 —
969 883 1102 933 quae
1140 864 1387 918 Muelleri
1425 866 1599 918 fuerat
1639 868 1900 918 sententia
1933 866 2108 938 (Varr.
2142 868 2309 935 praef.

128 975 178 1025 p.
197 954 438 1008 VI—XI.
473 956 540 1025 L3
573 955 614 1007 F
618 958 715 1008 est.
739 957 901 1024 praef.
934 975 986 1024 p.
1010 954 1189 1007 XXIX
1207 953 1307 1025 sq.)
1334 955 1676 1008 Lachmanno
1705 954 2018 1026 (²K1.Sehr.’
2038 955 2154 1024 Hp.
2177 955 2305 1026 164)

130 1064 190 1098 ac
215 1044 511 1097 Ritschelio
538 1043 756 1115 (Opusc.
784 1043 864 1096 III
889 1064 938 1113 p.
965 1043 1072 1096 465
1092 1042 1193 1115 sq.)
1218 1044 1447 1113 probata
1476 1077 1557 1112 —7
1583 1045 1675 1096 sed
1706 1044 1883 1113 ipsum
1915 1045 2151 1098 emisisse
2183 1048 2306 1113 post

129 1134 466 1186 Leonardum
500 1132 734 1204 Spengel
766 1131 1032 1204 CAbhrd.
1064 1134 1237 1202 bayer.
1266 1132 1456 1185 Akad.'
1491 1131 1594 1185 VII
1627 1135 1676 1203 2,
1715 1153 1758 1186 3.
1789 1133 1945 1203 1854,
1984 1153 2032 1202 p.
2067 1134 2173 1186 443
2193 1153 2305 1202 sqq.

128 1227 180 1275 et
219 1221 409 1292 praef.2
447 1242 496 1292 p.
530 1221 814 1293 XXXVII)
858 1226 911 1274 et
943 1221 1250 1292 Augustum
1284 1222 1587 1275 Wilmanns
1629 1221 1717 1294 (de
1749 1222 1898 1275 Varr.
1932 1223 2050 1275 libr.
2085 1242 2303 1292 gramm.

126 1333 175 1382 p.
195 1313 263 1365 37
278 1311 414 1383 sqq.)
443 1330 536 1364 cur
558 1331 813 1383 negemus
839 1315 1041 1364 nullam
1066 1312 1329 1364 rationem
1355 1316 1562 1364 exstare
1589 1330 1883 1382 censemus3
1917 1313 2008 1380 qui
2040 1313 2142 1365 hoc
2166 1315 2307 1365 recte

126 1404 287 1454 etiam
327 1420 391 1454 ex
432 1420 492 1453 eo
535 1403 925 1465 concluserunt,
974 1401 1116 1470 quod
1156 1401 1453 1453 Varronem
1492 1401 1683 1453 horum
1731 1402 1994 1454 librorum
2037 1403 2306 1470 epitomen

127 1492 420 1543 confecisse
458 1489 778 1558 Hieronymi
829 1490 989 1543 index
1030 1494 1211 1558 aperte
1262 1493 1492 1542 testatur
1540 1488 1629 1560 (cf.
1670 1490 1954 1543 Ritschelii
1996 1489 2184 1559 Opusc.
2227 1490 2305 1542 III

125 1599 174 1647 p.
209 1578 363 1650 526);
405 1598 565 1648 quam
597 1598 717 1631 eum
755 1579 908 1631 libris
947 1580 1184 1631 nondum
1218 1580 1283 1630 ad
1315 1580 1476 1630 finem
1509 1579 1750 1631 adductis
1784 1579 2305 1632 accommodaturum

124 1668 288 1720 fuisse
340 1668 756 1737 haudquaquam
808 1668 1087 1736 probabile
1140 1671 1231 1719 est.
1321 1667 1497 1735 Atque
1545 1669 1607 1720 de
1656 1670 1867 1736 syntaxi
1917 1670 2081 1722 fuisse
2137 1669 2303 1722 libros

125 1757 404 1809 duodecim
446 1758 537 1825 qui
576 1759 771 1809 mirum
813 1775 927 1808 esse
967 1757 1321 1825 affirmabant,
1364 1756 1726 1826 Chrysippum
1760 1758 1822 1811 de
1862 1758 2044 1810 eadem
2085 1761 2305 1811 materia

123 1845 294 1898 multo
335 1847 513 1914 plures
554 1846 836 1914 reliquisse
877 1846 1078 1915 optime
1119 1845 1424 1898 Wilmanns
1467 1845 1539 1916 (p.
1579 1844 1669 1916 15)
1712 1848 1976 1915 opposuit.
2058 1847 2302 1900 Ceterum

123 1935 345 1987 triadem
401 1935 466 1987 ad
515 1933 854 2004 Septumium
902 1935 1080 1987 datam
1122 1934 1177 2005 (l.
1210 1933 1442 2006 II—IV)
1498 1936 1647 2003 prius
1698 1935 1933 1989 emisisse
1989 1938 2300 2005 scriptorem

124 2022 355 2093 Spengel
381 2023 435 2095 (l.
457 2042 494 2075 s.
515 2023 578 2095 S.)
604 2042 713 2076 non
744 2024 883 2076 male
908 2025 1149 2093 coniecit,
1176 2024 1339 2093 ‘quod
1373 2026 1417 2076 si
1450 2043 1559 2077 non
1588 2026 1818 2093 fecisset,
1849 2026 2120 2094 integrum
2153 2044 2304 2094 opus,

121 2113 277 2165 XXV
299 2113 482 2182 libros,
505 2132 614 2166 non
638 2113 793 2166 XXII
820 2113 1065 2166 Ciceroni
1091 2114 1425 2166 dedicasset’:
1461 2113 1663 2166 scilicet
1694 2115 1924 2182 primum
1957 2114 2155 2167 librum
2185 2132 2304 2167 con—

122 2202 264 2256 fecto
292 2203 504 2254 demum
537 2203 700 2271 operi,
733 2221 843 2255 non
867 2203 1028 2254 triadi
1059 2203 1156 2271 illi,
1188 2203 1541 2271 praemissum
1574 2222 1686 2255 esse
1718 2207 1858 2255 recte
1890 2203 2134 2256 homines
2162 2204 2303 2255 docti

124 2291 329 2361 opinati
368 2295 492 2345 sunt
532 2292 693 2360 idque
726 2292 1132 2344 commendatur
1164 2293 1324 2344 etiam
1364 2293 1482 2361 ipso
1516 2292 1780 2360 principio
1814 2292 1938 2344 libri
1972 2293 2159 2361 quinti.
2223 2292 2302 2345 Ac

123 2382 185 2433 de
216 2381 438 2449 ratione,
471 2400 576 2449 qua
602 2379 911 2433 Ciceronem
946 2381 1159 2450 saepius
1192 2382 1487 2449 alloquitur
1512 2381 1700 2449 Varr0‚
1733 2381 1831 2433 etsi
1864 2400 1972 2434 non
2002 2382 2299 2434 nominavit

120 2470 226 2522 nisi
276 2470 333 2521 in
384 2469 717 2539 singulorum
767 2469 1027 2522 librorum
1079 2470 1534 2538 inscriptionibu8‚
1587 2470 1722 2522 dixit
1761 2470 1973 2522 Vahlen
2012 2471 2068 2522 in
2108 2468 2302 2539 Opusc.

124 2558 266 2610 acad.
307 2557 332 2609 Ι
372 2578 423 2627 p.
465 2558 586 2610 392.
680 2557 959 2610 Praeterea
1014 2577 1138 2610 vero
1195 2559 1252 2610 in
1306 2560 1420 2611 eius
1475 2558 1734 2611 honorem
1791 2560 2092 2627 exemplum
2146 2560 2302 2611 finxit

124 2647 329 2700 ‘consul
378 2647 483 2699 fuit
524 2647 732 2700 Tullius
785 2650 837 2698 et
875 2645 1165 2699 Antonius’
1205 2667 1254 2715 p.
1291 2647 1412 2715 128,
1439 2648 1469 2699 8
1524 2645 1608 2716 (ut
1655 2652 1873 2715 propter
1913 2666 2066 2701 suum
2106 2667 2302 2700 nomen

120 2736 389 2789 interdum
431 2735 688 2788 ‘Marcus'
731 2754 789 2788 30
830 2735 1041 2804 saepius
1084 2735 1408 2787 ‘Terentius'
1450 2755 1548 2804 pro
1590 2737 1832 2805 exemplo
1872 2738 2027 2806 ponit
2066 2738 2302 2805 itemque

123 2824 420 2878 ‘Reatinus'
463 2825 681 2877 adhibet
722 2824 1057 2892 Sabinosque
1096 2843 1205 2876 non
1245 2843 1364 2876 raro
1405 2824 1643 2893 respicit:
1684 2846 1729 2878 v.
1770 2825 1936 2878 Index
1978 2844 2017 2878 s,
2049 2826 2136 2897 v.).

268 2908 350 2966 De
389 2915 516 2966 fatis
558 2932 692 2982 quae
742 2914 869 2966 libri
919 2914 1206 2966 habuerint
1255 2915 1443 2982 primis
1483 2918 1606 2983 post
1645 2915 1933 2967 editionem
1973 2916 2304 2983 temporibus

121 3005 215 3055 aut
252 3003 390 3055 nihil
429 3006 521 3055 aut
560 3021 669 3056 non
708 3003 877 3056 multa
918 3004 1124 3056 scimus.
1194 3002 1337 3064 Quae
1377 3004 1520 3072 apud
1559 3004 1786 3072 Livium,
1819 3004 2135 3075 Vergilium,
2172 3005 2299 3056 Pro-

119 3094 366 3161 pertium,
407 3091 657 3145 Ovidium
701 3093 766 3145 ad
805 3091 1101 3145 Varronem
1154 3092 1324 3145 redire
1365 3092 1625 3160 videntur,
1665 3093 2066 3162 Antiquitatum
2117 3094 2301 3162 potius

117 3181 285 3234 libros
316 3180 580 3250 resipiunt
621 3199 780 3249 quam
821 3181 1211 3252 grammaticos.
1275 3180 1442 3233 Novit
1480 3182 1644 3234 libros
1686 3181 1832 3251 (ante
1873 3201 1915 3233 a.
1949 3182 2016 3234 27
2060 3201 2102 3233 3.
2138 3181 2189 3233 C.
2224 3182 2302 3251 n.)

120 3268 532 3341 Vitruvius¹)‚
564 3271 715 3323 cuius
740 3270 904 3322 verba
934 3271 1138 3339 primae
1162 3270 1390 3340 paginae
1415 3271 1771 3338 praefiximus.
1813 3270 2098 3322 Verrium
2122 3270 2298 3323 Flac-

121 3376 255 3412 cum
295 3360 388 3428 qui
428 3360 484 3411 in
522 3360 707 3412 multis
739 3377 862 3411 cum
893 3359 1134 3411 Varrone
1175 3358 1446 3426 conspirat
1486 3359 1781 3411 doctrinam
1816 3377 1965 3411 suam
1997 3359 2165 3411 videri
2205 3359 2296 3411 311-

121 3448 260 3500 unde
291 3449 507 3517 petiisse
539 3448 644 3500 iam
672 3448 900 3501 Mueller
924 3445 1249 3518 exposuit2):
1281 3448 1533 3500 nimirum
1558 3466 1622 3499 ex
1648 3449 1836 3501 iisdem
1860 3448 2025 3515 libris,
2049 3448 2298 3516 inprimis

271 3551 312 3606 1)
347 3549 411 3594 cf.
444 3549 713 3593 Lachmann
745 3549 774 3593 1.
810 3564 842 3592 s.
878 3563 932 3603 s.,
968 3548 1272 3601 Sontheimer,
1309 3548 1491 3591 ‘Vitruv
1522 3548 1618 3591 und
1651 3548 1777 3592 scine
1809 3548 1944 3603 Zeit',
1975 3563 2019 3604 p.
2057 3552 2132 3601 703
2168 3553 2234 3591 71.

269 3625 312 3678 2)
344 3623 472 3667 Festi
514 3623 658 3679 praef.
699 3639 744 3679 p.
778 3622 947 3667 XXIX:
994 3622 1235 3666 ‘Varronis
1278 3635 1456 3680 gnavus
1503 3622 1686 3666 cultor.
1715 3657 1761 3666 ..
1796 3622 2052 3665 doctissimi
2094 3621 2294 3665 hominis

117 3696 260 3741 libros
294 3697 352 3740 de
382 3697 413 3742 l.
446 3697 476 3741 l.
509 3711 765 3754 numquam
806 3698 1036 3740 memorat
1078 3697 1125 3739 et
1166 3695 1285 3740 nihil
1319 3709 1374 3739 ex
1416 3696 1473 3738 iis
1507 3695 1771 3751 excerpsit’.
1833 3695 1966 3739 Adde
2000 3708 2118 3750 quae
2152 3694 2295 3738 Goetz

124 3769 330 3827 (Quaest.
356 3770 488 3816 Varr.
520 3786 566 3828 p.
591 3770 650 3828 V)
683 3771 741 3814 de
774 3784 829 3814 ea.
858 3786 907 3815 re
940 3770 1214 3826 disputavit.
