2600 4198
1030 127 1503 174 ADNOTATIONES
2247 129 2354 182 299

326 270 449 331 215,
476 271 559 318 27.
611 265 821 334 aeut<ae
853 264 1204 333 eoniunot>am
1246 270 1526 319 Wilmanns
1567 261 1878 333 (adiunctam
1920 262 2121 336 Vsener)
2152 273 2356 330 propter

170 351 448 401 dissensum
487 353 614 400 inter
641 352 758 399 haec
787 351 935 399 verba
967 354 1011 399 et
1048 352 1309 411 sequentia,
1354 365 1478 411 quae
1507 365 1596 399 cur
1625 352 1737 410 ipsa
1759 352 1927 410 potius
1959 365 1991 398 a
2023 350 2242 399 Varrone
2273 352 2356 399 ab·

169 433 443 482 iudicanda
472 434 571 481 sint
601 433 794 493 exponit
821 431 1007 481 Schoell
1036 432 1067 480 l.
1098 445 1136 480 s.
1167 446 1206 480 3.
1229 448 1282 492 p.
1312 434 1381 480 44
1397 446 1465 493 sq.

298 570 302 574 .
327 523 447 582 216,
475 523 556 570 20.
597 520 853 588 βομβυκίῳ
878 535 974 581 pro
1005 520 1262 569 bamborio
1305 521 1608 571 Wilmanns:
1637 520 1722 568 sed
1752 521 1812 580 cf.
1849 520 1988 569 Thes,
2020 521 2051 569 l.
2083 521 2113 569 l.
2144 536 2184 569 3.
2214 537 2256 570 v.

324 605 446 663 217,
475 604 539 651 19
558 617 625 663 39.
684 603 842 651 Verba
873 618 971 650 non
1003 604 1171 650 tamen
1204 639 1213 650 .
1250 641 1259 649 .
1293 641 1304 650 .
1338 603 1503 651 evenit
1535 617 1567 649 a
1610 603 1935 650 Wilmannsio
1969 602 2035 663 (et
2064 604 2354 664 Funaiolio)

167 698 206 732 a
246 684 571 733 Varronianis
601 686 817 733 seiuncta
848 698 999 745 neq-ue
1029 687 1150 732 recte
1181 684 1365 745 diqesta
1397 698 1429 731 a
1458 684 1621 732 Keilio
1661 698 1749 731 cur
1779 686 1823 731 et
1853 685 2085 743 quomodo
2116 689 2237 734 recte
2269 701 2355 746 ap-

160 766 410 826 plicentur
441 767 573 815 docet
600 766 785 814 Schoell
816 766 846 814 l.
877 779 913 813 s.
946 780 984 813 s.
1008 781 1061 826 p.
1098 766 1180 813 82.

323 849 446 909 218,
472 848 518 895 8.
572 848 650 896 De
693 848 779 917 boc
827 849 1097 908 fraqmento
1140 847 1353 895 Varroni
1397 846 1691 895 vindicando
1731 848 1791 906 cf.
1832 847 1899 894 ad
1940 849 2061 903 136,
2090 849 2183 895 18.·
2229 850 2354 908 quod

167 930 261 982 etsi
290 929 580 977 Martianus
615 927 815 989 Capella
848 930 1008 976 eiusve
1039 930 1207 976 auctor
1236 930 1444 988 fortasse
1476 930 1644 988 potius
1676 943 1732 976 ex
1763 929 2138 988 disciplinarum
2170 930 2290 977 libro
2323 931 2357 977 Ι

166 1024 319 1070 quam
359 1026 414 1059 ex
452 1011 591 1059 libris
623 1012 680 1058 de
711 1024 927 1058 sermone
959 1011 1109 1058 latino
1141 1011 1472 1070 desumpserit,
1517 1013 1677 1057 tamen
1709 1011 1795 1058 hoc
1827 1011 1923 1058 loco
1957 1011 2221 1071 adiunqere
2251 1027 2354 1060 ma-

166 1092 365 1148 luimus,
400 1094 694 1153 praesertim
728 1106 836 1139 cum
879 1091 1002 1140 talia
1045 1094 1188 1141 etiam
1218 1094 1272 1140 in
1313 1093 1388 1140 his
1430 1093 1571 1141 libris
1603 1092 1819 1140 docuisse
1862 1092 2130 1140 Varronem
2160 1095 2263 1141 veri
2293 1096 2357 1142 sit

163 1174 483 1222 simillimum.

322 1265 552 1325 219,14.
618 1264 775 1311 Verba
821 1278 945 1324 quae
991 1264 1126 1323 apud
1168 1265 1545 1324 qrammaticum
1591 1267 1859 1324 sequuntur
1898 1263 2125 1328 περίοδος
2174 1264 2357 1313 dieitur

165 1345 328 1392 omnis
371 1340 678 1408 (circuitus)
713 1372 782 1378 -—-
814 1347 885 1393 sic
928 1347 1056 1393 enim
1098 1359 1207 1393 cum
1250 1344 1610 1393 Wachsmuthio
1653 1346 1850 1404 scripsit
1879 1372 1952 1378 —
1986 1384 1994 1392 .
2030 1385 2039 1396 .
2078 1385 2087 1394 .
2119 1346 2356 1404 versibus,

171 1441 295 1486 quae
325 1428 526 1475 seclusis
557 1442 666 1476 cum
700 1427 911 1475 Vsenero
943 1427 1117 1474 mediis
1147 1426 1279 1474 unde
1312 1443 1369 1474 ea
1395 1442 1523 1488 quae
1547 1426 1749 1474 modum
1777 1429 1825 1474 et
1857 1442 2140 1475 mensuram
2171 1428 2356 1476 habent

167 1509 328 1555 metra
371 1508 504 1556 dieta
547 1511 662 1557 sunt
695 1509 952 1569 prioribus
995 1509 1290 1568 adiunqebat
1330 1508 1631 1564 Wilmanns,
1673 1512 1794 1557 recte
1833 1524 1865 1557 a
1906 1509 2124 1557 Varrone
2164 1511 2355 1558 abiudi-

164 1591 297 1638 cavit
325 1590 450 1638 Keil.

321 1680 442 1739 220,
471 1682 515 1726 1.
568 1682 885 1742 vocaverunt,
918 1680 997 1726 vel
1035 1679 1156 1726 haec
1188 1679 1461 1741 appellatio
1493 1678 1743 1727 tenebitur
1775 1694 1887 1727 oum
1920 1717 1929 1726 .
1966 1719 1975 1728 .
2010 1718 2019 1727 .
2055 1679 2355 1729 Graecorum

162 1762 364 1809 seclusis
410 1776 581 1809 versus
624 1798 634 1807 .
669 1800 679 1810 .
716 1801 723 1809 .
757 1760 952 1809 dicatur
994 1762 1272 1809 IsVilmanns
1318 1777 1425 1809 cum
1476 1761 1710 1818 Vsenero;
1757 1764 2072 1810 vocaverunt.
2146 1762 2354 1811 abusiva

167 1845 336 1891 autem
359 1843 471 1891 Keil
501 1844 716 1903 itemque,
749 1844 833 1891 sed
856 1859 972 1891 vero
996 1843 1247 1891 Funaioli.
1288 1841 1358 1890 At
1378 1844 1524 1891 verba
1549 1843 1628 1891 vel
1659 1843 1781 1891 haec
1813 1843 2087 1906 appellatio
2121 1860 2230 1893 cum
2260 1849 2353 1893 toto

163 1939 349 1973 conexu
378 1926 763 1985 supplementum
795 1925 1073 1973 desiderant
1103 1924 1244 1985 quale
1266 1927 1630 1985 proposuimus

318 2016 439 2075 221,
468 2017 512 2061 1.
562 2015 720 2062 Verba
751 2015 942 2077 poetice
969 2052 979 2061 .
1007 2052 1016 2061 .
1043 2051 1052 2060 .
1079 2014 1285 2062 Homeri
1324 2028 1400 2060 om
1431 2014 1693 2062 Funaioli:
1732 2028 1855 2074 quae
1886 2018 2047 2062 tamen
2079 2030 2135 2064 ex
2164 2019 2353 2066 ratione

162 2110 264 2157 qua
295 2110 402 2143 cum
418 2096 604 2144 Lucilii
633 2097 852 2144 versibus
884 2097 994 2144 338
1010 2110 1106 2156 399.
1141 2095 1248 2155 (ubi
1278 2097 1386 2143 vide
1403 2095 1685 2155 Marxium)
1720 2100 1763 2144 et
1792 2110 1900 2144 cum
1931 2098 2089 2156 ipsius
2116 2098 2353 2146 Varronis

167 2179 265 2226 loco
291 2192 347 2226 ea:
362 2177 665 2226 Parmenone
689 2181 1006 2233 continentur,
1031 2193 1129 2225 non
1153 2178 1378 2226 videntur
1396 2178 1647 2226 eximenda
1672 2193 1728 2226 eoc
1752 2192 1932 2226 conexu
1956 2181 2039 2239 qui
2068 2183 2131 2227 tot
2153 2182 2352 2240 vestiqia

162 2261 371 2321 orificiis
404 2260 746 2308 Varronianae
778 2262 1000 2320 quamvis
1031 2260 1288 2308 obscurata
1319 2260 1557 2320 oblitaque
1588 2262 1864 2307 servaverit.
1905 2258 1989 2308 Ad
2020 2261 2114 2308 viti
2145 2261 2196 2308 in
2228 2264 2350 2310 robis

162 2342 226 2401 cf.
251 2341 517 2389 Buecheler
540 2343 675 2390 Mus.
701 2343 854 2389 Rhen.
878 2342 1054 2389 LXII
1081 2341 1149 2401 (a.
1186 2341 1352 2402 1907)
1377 2357 1430 2401 p.
1467 2344 1542 2389 47
1550 2344 1593 2388 6.

319 2431 440 2491 221,
467 2433 512 2478 8.
569 2431 641 2492 Of.
677 2435 793 2492 post
822 2431 1138 2479 Ritschelium
1173 2430 1344 2491 Opuse.
1377 2431 1481 2477 III
1497 2446 1551 2490 p.
1588 2432 1690 2477 384
1709 2445 1776 2490 39.
1828 2430 1929 2479 Leo
1962 2432 2130 2480 Herm.
2165 2432 2357 2481 XXIV

155 2527 210 2573 p.
236 2513 307 2561 29
335 2514 448 2560 adn.
482 2540 554 2545 —-
589 2513 808 2562 Ceterum
838 2514 1115 2574 fragmenta
1139 2513 1253 2560 inde
1277 2513 1337 2560 ab
1361 2513 1447 2559 hoc
1476 2526 1627 2572 usque
1651 2511 1718 2559 ad
1745 2514 1852 2559 100
1876 2513 2074 2560 libenter
2095 2514 2351 2574 prioribus

166 2595 237 2642 64
253 2609 351 2655 sqq.
384 2595 791 2651 adiunxissemus,
823 2596 922 2642 nisi
954 2594 1188 2642 dubitatio
1220 2597 1339 2642 esset
1369 2595 1426 2642 de
1456 2595 1561 2654 ipso
1594 2594 1716 2642 libro
1749 2593 1776 2654 (
1783 2594 1897 2642 VII
1899 2595 1923 2641 ,9
1955 2595 1993 2640 I
1998 2594 2108 2654 V?).

317 2678 439 2736 221,
468 2678 549 2724 13.
611 2677 768 2725 Verba
812 2677 1148 2738 septenarium
1181 2713 1191 2723 .
1227 2714 1236 2722 .
1272 2714 1279 2722 .
1312 2677 1627 2737 reperiuntur
1660 2679 1864 2736 propter
1893 2676 2070 2735 fraqm.
2108 2669 2224 2724 65²b
2264 2678 2350 2724 hoc

162 2758 264 2805 loeo
296 2760 561 2806 omiserunt
593 2759 872 2807 Wilmanns
896 2762 939 2806 et
961 2758 1223 2806 Funaioli:
1255 2758 1340 2805 etsi
1361 2760 1561 2817 praeter
1585 2757 1689 2805 alia
1719 2759 1973 2816 insequens
2001 2771 2183 2817 quoque
2213 2759 2348 2818 fraq—

160 2842 376 2888 mentum
405 2841 506 2899 fere
539 2840 779 2888 desiderat
808 2841 924 2887 haec
954 2841 1206 2899 praemitti
1235 2854 1386 2899 neque
1417 2839 1633 2887 alienum
1664 2854 1696 2887 a
1730 2839 1947 2887 Varrone
1981 2835 2072 2887 ‘bis
2101 2841 2156 2887 in
2186 2835 2346 2888 idem’.

317 2922 439 2983 222,
467 2923 511 2969 3.
552 2922 905 2982 Fraqmentum
937 2937 968 2969 a
991 2922 1246 2981 prioribus
1276 2920 1538 2982 neqlectum
1568 2921 1661 2968 huc
1690 2922 2034 2968 revocavimus.

317 3004 439 3064 222,
467 3005 547 3053 14.
604 3005 713 3052 Hoc
757 3005 1084 3064 fraqmentum
1134 3004 1346 3052 Varroni
1391 3002 1656 3050 vindicavit
1713 3003 1892 3050 Vsener
1938 3004 1991 3051 in
2038 3003 2175 3050 relat.
2210 3005 2345 3051 acad.

162 3084 362 3132 Monac.
395 3099 440 3132 a.
477 3086 619 3133 1893
642 3101 696 3146 p.
734 3087 840 3134 642
855 3100 945 3145 sq,
986 3087 1070 3146 qui
1101 3100 1209 3133 cum
1242 3086 1364 3133 libro
1396 3085 1453 3132 de
1480 3086 1803 3144 qrammatica
1848 3085 2080 3139 tribuerit,
2123 3099 2213 3133 nos
2255 3086 2348 3133 huc

161 3167 461 3215 adscivimus
498 3170 699 3227 propter
745 3167 978 3215 disertum
1025 3169 1346 3215 testimonium
1393 3166 1450 3214 de
1495 3180 1695 3215 numero
1735 3168 1946 3214 oratorio
1988 3168 2042 3214 in
2088 3167 2164 3215 his
2210 3168 2347 3215 libris

163 3249 365 3295 tractato
404 3249 457 3296 in
496 3249 788 3297 antecedenti
825 3250 1117 3309 fraqment0‚
1158 3249 1285 3309 quod
1321 3250 1558 3296 immerito
1597 3250 1778 3308 sprevit
1808 3249 2070 3296 Funaioli:
2107 3263 2258 3309 neque
2295 3251 2348 3298 id

162 3328 362 3389 impedit
390 3329 523 3378 loeus
555 3344 646 3390 quo
678 3330 936 3378 Diomedes
966 3331 1107 3378 habet
1137 3330 1521 3379 additamentum
1545 3332 1789 3390 posterius
1820 3333 2068 3378 insertum.

318 3419 440 3478 222,
467 3419 551 3466 26.
589 3417 698 3466 Hoc
727 3419 1055 3480 fraqmentum
1078 3419 1205 3479 quod
1235 3420 1328 3468 huc
1350 3421 1591 3468 revocavit
1623 3419 1900 3467 Wilmanns
1925 3434 1980 3466 ex
2002 3422 2214 3480 sequenti
2238 3434 2345 3468 con-

160 3500 381 3558 firmavit
421 3500 600 3548 Vsener
631 3501 766 3547 Mus.
792 3500 944 3548 Rhen.
972 3500 1164 3548 XXIV
1178 3514 1231 3559 p.
1261 3502 1380 3548 103.

315 3581 437 3642 223,
466 3583 510 3628 1.
567 3582 646 3630 De
683 3583 905 3630 omnibus
943 3597 1067 3642 quae
1115 3585 1342 3630 secuntur
1384 3582 1597 3630 Varroni
1638 3585 1780 3642 atque
1821 3582 1933 3630 huic
1976 3581 2097 3629 libro
2137 3607 2208 3614 —-
2246 3595 2345 3628 non

161 3662 287 3710 libro
319 3662 376 3711 de
402 3665 727 3723 qrammatica
752 3689 821 3695 -—
846 3664 1157 3722 vindicandis
1187 3665 1363 3711 rectius
1394 3678 1541 3723 quam
1571 3663 1865 3711 Lachmann
1894 3665 1948 3710 in
1979 3663 2131 3710 Lucr.
2154 3677 2209 3722 p.
2238 3664 2345 3710 186

161 3757 363 3804 eumque
380 3758 436 3792 ex
449 3746 596 3804 parte
619 3748 807 3793 secutus
826 3745 1104 3793 Wilmanns
1127 3745 1365 3793 iudicavit
1389 3744 1568 3793 Vsener
1579 3745 1713 3792 Mus.
1724 3743 1876 3792 Rhen.
1901 3743 2043 3791 XXI
2048 3743 2093 3791 V
2095 3759 2147 3803 p.
2165 3746 2232 3791 94
2244 3757 2342 3804 sqq.
