2600 4198
314 186 425 239 204
752 186 1153 240 RELIQVORVM
1184 186 1264 230 DE
1297 186 1703 232 GRAMMATICA
1734 186 2049 232 LIBRORVM

1361 335 1440 389 III

318 438 385 491 57
430 438 526 510 (62
562 437 721 509 [36]).
776 439 1075 492 faenerator
1115 481 1160 490 ..
1189 481 1236 491 ..
1277 458 1307 491 a
1344 438 1559 492 faenore
1598 443 1679 492 est
1714 440 2043 510 nominatus3
2089 440 2276 493 faenus
2314 444 2497 497 autem.

585 527 787 580 dictum
822 570 831 580 .
859 570 868 580 .
903 546 933 579 a
970 528 1084 580 fetu
1125 531 1178 579 et
1217 529 1369 596 quasi
1411 547 1441 580 a
1472 527 1646 581 fetura
1682 528 1909 597 quadam
1942 529 2199 598 pecuniae
2237 529 2492 598 parientis

584 620 743 684 atque
790 616 1148 669 increscentis.
1231 616 1427 669 idcirco
1469 620 1521 669 et
1567 616 1638 669 M.
1673 615 1927 670 Catonem
1970 621 2023 670 et
2062 621 2264 670 ceteros
2304 619 2492 671 aetatis

585 705 698 756 eius
746 705 1099 757 feneratorem
1147 705 1260 757 sine
1300 703 1350 756 A
1396 705 1575 757 littera
1622 706 1998 774 pronuntiasse
2044 706 2208 759 tradit
2257 704 2493 778 (Varro),
2539 727 2561 760 5

586 793 745 845 sicuti
783 793 923 845 fetus
963 794 1077 863 ipse
1118 797 1170 846 et
1207 794 1503 847 fecunditas
1547 798 1825 863 appellata.

320 882 390 934 58
433 880 526 953 (63
563 879 721 951 [37]).
778 885 1063 951 utrumque
1098 883 1347 935 mulieres
1381 887 1433 935 et
1465 885 1768 952 epicrocum
1793 885 1894 936 viri
1928 902 2138 952 quoque
2169 883 2494 937 habitarunt.

1380 1045 1430 1098 V

316 1147 467 1201 *²⁸59
510 1147 606 1219 (80
638 1147 835 1219 [322]).
900 1153 951 1201 et
999 1149 1055 1202 in
1097 1150 1328 1201 carmine
1376 1153 1428 1202 et
1469 1150 1523 1201 in
1556 1150 1732 1202 soluta
1772 1151 2012 1203 oratione
2053 1169 2247 1221 genera
2286 1150 2493 1203 dicendi

584 1237 884 1305 probabilia
909 1241 1033 1289 sunt
1058 1238 1175 1305 tria,
1208 1257 1340 1306 quae
1368 1238 1552 1291 Graeci
1585 1247 1926 1309 χαρακτῆρας
1951 1243 2141 1292 vocant
2171 1240 2493 1308 nominaque
2518 1262 2564 1295 ιο

586 1325 662 1377 eis
702 1326 942 1379 fecerunt
989 1326 1162 1396 ἁδρόν
1203 1328 1395 1395 ἰσχνόν
1433 1327 1615 1396 μέσον.
1676 1346 1775 1380 nos
1817 1346 2027 1396 quoque
2068 1347 2225 1396 quem
2266 1329 2497 1397 primum

584 1416 860 1483 posuimus
900 1416 1119 1467 uberem
1159 1434 1437 1485 vocamus,
1487 1417 1773 1469 secundum
1813 1416 2087 1486 gracilem,
2134 1417 2352 1469 tertium
2393 1436 2498 1470 me-

585 1503 830 1556 diocrem.
887 1504 1038 1556 uberi
1079 1505 1310 1574 dignitas
1352 1508 1510 1573 atque
1550 1505 1846 1574 amplitudo
1887 1509 1982 1574 est,
2022 1505 2208 1576 gracili
2249 1493 2496 1558 venustas

588 1598 641 1644 et
673 1592 958 1662 subtilitaS,
998 1593 1203 1646 medius
1245 1594 1299 1645 in
1332 1595 1563 1646 confinio
1605 1597 1686 1646 est
1717 1595 1996 1663 utriusque
2036 1594 2182 1646 modi
2214 1594 2496 1663 particeps.

584 1682 668 1733 his
694 1682 920 1752 singulis
948 1683 1205 1735 orationis
1238 1683 1534 1735 Virtutibus
1566 1684 1698 1736 vitia
1729 1687 1923 1753 agnata
1956 1687 2080 1736 sunt
2112 1685 2226 1752 pari
2257 1701 2496 1754 numerO,
2521 1706 2564 1740 ιο

585 1789 719 1839 quae
760 1790 942 1823 earum
984 1772 1202 1824 modum
1236 1775 1289 1824 et
1321 1772 1565 1824 habiturn
1608 1773 1904 1825 simulacris
1937 1773 2086 1825 falsis
2120 1772 2494 1826 ementiuntur.

586 1861 661 1912 sic
716 1860 1029 1929 plerumque
1085 1862 1286 1914 sufflati
1349 1865 1508 1930 atque
1563 1862 1754 1914 tumidi
1816 1863 2012 1915 fallunt
2074 1881 2171 1931 pro
2226 1861 2497 1930 uberibus,

586 1950 887 2018 squalentes
921 1954 974 2002 et
1014 1950 1285 2003 ieiunidici
1325 1969 1422 2020 pro
1465 1951 1772 2021 gracilibUS,
1812 1952 2002 2004 incerti
2036 1954 2088 2004 et
2119 1951 2358 2021 ambigui
2397 1968 2495 2019 pro

586 2038 958 2091 mediocribus.
1025 2058 1149 2091 vera
1190 2044 1366 2092 autem
1409 2044 1461 2091 et
1498 2041 1718 2109 propria
1755 2040 1974 2093 huiusce
2022 2041 2166 2092 modi
2204 2040 2495 2092 formarum

587 2129 829 2196 exempla
876 2128 932 2180 in
979 2128 1170 2180 Latina
1217 2128 1400 2199 lingua
1446 2128 1514 2180 M.
1541 2129 1715 2181 Varro
1764 2147 1876 2182 esse
1923 2129 2052 2182 dicit
2102 2129 2362 2182 ubertatis
2401 2127 2498 2179 Pa-
2523 2154 2569 2186 20

589 2217 818 2285 cuvium,
852 2218 1167 2286 gracilitatis
1200 2217 1481 2286 Lucilium,
1521 2218 1906 2271 mediocritatis
1939 2218 2260 2270 Terentium.
2314 2217 2404 2269 sed
2438 2236 2499 2269 ea

590 2306 704 2371 ipsa
745 2324 938 2375 genera
990 2307 1199 2359 dicendi
1246 2306 1351 2358 iam
1401 2306 1696 2375 antiquitus
1747 2306 1944 2358 tradita
1991 2307 2055 2358 ab
2096 2306 2333 2359 Homero
2375 2308 2499 2358 sunt

585 2395 689 2446 tria
737 2396 792 2446 in
839 2376 1034 2448 tribus:
1087 2396 1431 2466 magnificum
1480 2395 1535 2447 in
1574 2394 1733 2448 Ulixe
1782 2399 1833 2448 et
1881 2396 2147 2462 ubertum,
2200 2395 2395 2448 subtile
2441 2395 2498 2447 in

585 2483 828 2536 Menelao
888 2487 940 2536 et
992 2484 1310 2548 cohibitum,
1365 2485 1593 2536 mixtum
1653 2484 2091 2552 moderatumque
2149 2485 2206 2537 in
2255 2483 2496 2538 Nestore.

586 2574 952 2626 animadversa
978 2573 1161 2626 eadem
1194 2573 1465 2643 tripertita
1488 2574 1714 2625 varietas
1741 2577 1820 2626 est
1852 2574 1907 2625 in
1940 2574 2111 2625 tribus
2145 2572 2498 2642 philosophis,
2520 2597 2566 2631 η

472 2754 496 2791 2
534 2749 646 2793 Gell.
681 2749 813 2793 XVI
840 2752 912 2803 12,
933 2753 959 2792 7
993 2749 1275 2805 <faenerator
1307 2749 1445 2804 enim,
1479 2749 1616 2792 sicuti
1647 2749 1708 2792 M.
1727 2749 1874 2793 Varro
1914 2749 1959 2792 in
1993 2748 2111 2792 libro
2144 2749 2282 2792 tertio
2316 2748 2373 2791 de
2407 2763 2499 2792 ser-

317 2822 452 2851 mone
479 2808 644 2852 Latino
672 2808 873 2864 scripsit,
899 2824 926 2851 a
949 2808 1137 2852 faenore
1165 2843 1173 2851 .
1202 2843 1210 2852 .
1239 2843 1247 2851 .
1275 2808 1451 2851 dictum
1476 2808 1546 2852 ait
1577 2822 1604 2850 a
1635 2808 1734 2851 fetu
1761 2843 1770 2852 .
1798 2844 1806 2851 .
1835 2843 1844 2852 .
1871 2808 2126 2865 appellata)
2150 2813 2190 2852 et
2206 2809 2328 2852 Non.
2355 2811 2499 2862 54,2;

320 2870 377 2923 cf.
413 2871 613 2922 118,17;
646 2868 766 2912 Fest.
795 2869 940 2913 Pauli
972 2872 1048 2922 86,
1067 2873 1092 2911 1
1128 2868 1277 2924 (fenus
1311 2870 1358 2911 et
1390 2868 1675 2911 feneratores
1701 2902 1710 2910 .
1739 2902 1748 2911 .
1776 2902 1785 2911 .
1812 2882 1839 2911 a
1870 2868 1970 2911 fetu
2002 2867 2144 2922 dicta,
2176 2868 2301 2923 quod
2332 2865 2499 2910 crediti

319 2927 497 2970 nummi
531 2927 648 2970 alios
681 2927 885 2983 pariant)
919 2932 958 2971 et
990 2931 1063 2981 94,
1083 2933 1136 2982 1,·
1168 2928 1282 2972 Isid.
1316 2927 1367 2970 X
1390 2931 1449 2971 97
1479 2929 1493 2983 ΙΙ
1526 2931 1549 2970 7
1584 2928 1707 2971 Non.
1734 2930 1840 2981 318,
1857 2931 1917 2971 26
1949 2926 2178 2983 (habitare
2212 2928 2283 2969 est
2313 2925 2499 2969 inhabi-

318 2988 433 3040 tare,
482 2986 667 3041 habere,
715 2987 799 3030 uti.
855 2986 1001 3030 Varro
1043 3000 1251 3030 sermone
1291 2986 1458 3029 Latino
1499 2986 1577 3029 lib.
1617 2985 1681 3028 ΙΙΙ
1724 2986 1990 3042 ‘utrumque
2025 3020 2033 3029 .
2100 2985 2452 3042 .habita1·unt’)
2484 2986 2500 3042 ΙΙ

320 3050 345 3089 9
375 3046 486 3090 Gell.
516 3046 589 3089 VI
607 3050 663 3089 14
687 3048 752 3102 (et
783 3046 832 3088 in
856 3045 1097 3089 carmine.
1164 3045 1366 3089 ‚sobria
1416 3059 1558 3088 unum
1583 3045 1801 3100 quodque
1826 3046 1980 3089 autem
2012 3059 2173 3102 genus,
2204 3046 2259 3088 ut
2283 3044 2501 3100 diximus,

320 3119 425 3148 cum
470 3107 595 3148 caste
639 3104 900 3160 pudiceque
945 3106 1149 3158 ornatur,
1192 3105 1246 3148 fit
1288 3103 1530 3156 illustrius,
1575 3118 1678 3147 cum
1719 3105 1905 3148 fucatur
1937 3106 2076 3160 atque
2116 3103 2406 3160 praefinitur,
2445 3103 2499 3147 fit

320 3163 730 3221 praestigiosum);
762 3165 817 3218 cf.
851 3165 982 3208 schol.
1017 3165 1068 3208 in
1099 3140 1241 3208 D'ion.
1269 3164 1372 3208 Thr.
1400 3178 1449 3220 Ρ.
1477 3167 1579 3217 449,
1596 3167 1657 3208 26
1687 3164 1840 3221 Hily„
1873 3164 1959 3218 aL,-
1995 3164 2149 3222 Quint.
2184 3164 2300 3208 XII
2325 3167 2396 3218 10,
2414 3166 2497 3218 58,

319 3224 497 3267 Fronto
516 3237 562 3278 Ρ.
592 3227 662 3277 54,
680 3227 734 3267 11
755 3225 843 3277 Ν.,·
874 3225 982 3268 rhet.
1010 3225 1065 3267 L.
1093 3225 1201 3267 min.
1229 3237 1278 3279 Ρ.
1306 3226 1407 3276 126,
1427 3227 1466 3266 1.
1500 3226 1605 3276 438,
1623 3227 1662 3266 9.
1698 3227 1802 3276 515,
1818 3227 1891 3267 27.
1926 3227 2028 3277 561,
2048 3223 2175 3278 7H.,·
2205 3223 2335 3268 schol.
2355 3223 2496 3266 Bern.

314 3297 365 3339 Ρ.
394 3285 497 3336 742,
516 3285 575 3326 58
587 3284 678 3336 Η.,·
714 3283 812 3326 TG.
836 3297 870 3327 s.
898 3282 1140 3326 character
1171 3289 1213 3327 et
1243 3281 1433 3338 gracilis
1443 3300 1459 3336 ,·
1489 3297 1528 3326 v.
1556 3283 1684 3327 Rabe
1716 3283 1768 3326 de
1798 3283 2014 3339 Theophr.
2041 3283 2170 3327 libris
2200 3282 2307 3337 περὶ
2340 3279 2499 3335 λέξεως

322 3343 539 3395 (Bonnae
563 3356 604 3385 a
634 3345 775 3397 18:90)
794 3356 844 3398 Ρ.
866 3346 920 3386 11
936 3356 1022 3398 sq„
1049 3342 1263 3386 Vsenerl.
1288 3356 1321 3386 s.
1348 3355 1381 3385 s.
1399 3355 1450 3397 Ρ.
1471 3345 1656 3398 60739,
1682 3342 1864 3400 Kayser
1888 3343 1942 3386 de
1963 3347 2044 3386 vet.
2070 3347 2167 3386 arte
2185 3346 2302 3397 poet.
2327 3344 2499 3398 quaest.

319 3401 394 3445 sel.
421 3415 470 3457 Ρ.
499 3404 570 3444 63.
598 3405 657 3444 81
690 3403 703 3457 ΙΙ
737 3405 791 3444 18
808 3415 896 3458 899.
935 3401 1003 3456 Cf.
1030 3402 1208 3446 Ironto
1232 3415 1282 3457 Ρ.
1309 3404 1397 3444 113
1429 3406 1538 3445 extr.
1565 3402 1626 3445 Ν
1661 3402 1673 3457 ΙΙ
1707 3406 1761 3445 20
1778 3416 1868 3457 399.
1906 3401 1972 3456 Of.
2011 3402 2165 3459 Quint.
2193 3400 2308 3444 XII
2325 3404 2398 3454 10,
2415 3403 2498 3454 64·

321 3461 497 3504 Auso‘n.
521 3463 641 3516 poof.
668 3461 864 3518 Burdigq.
893 3461 1030 3505 XXI
1048 3464 1105 3505 16
1119 3474 1208 3516 899.
1234 3464 1350 3518 yrat.
1378 3464 1460 3503 act.
1489 3460 1622 3503 VIII
1641 3464 1698 3503 19
1722 3466 1764 3504 et
1786 3462 1910 3516 epist.
1939 3461 2054 3504 XII
2072 3464 2130 3504 10
2144 3473 2207 3516 sq.
2227 3460 2280 3504 P.
2313 3460 2327 3516 ΙΙ
2360 3433 2415 3502 2'5
2431 3472 2495 3514 39.

323 3519 390 3573 Cf.
427 3520 602 3573 (Varro
633 3520 781 3576 apud)
819 3521 930 3565 Gell.
964 3520 1125 3564 XVII
1149 3523 1225 3573 21,
1242 3524 1302 3563 48
1336 3522 1397 3574 (et
1430 3520 1579 3563 Macr.
1613 3521 1643 3563 1
1672 3523 1787 3573 5,14
1818 3534 1873 3563 ex
1907 3519 2053 3564 Gellio
2085 3519 2153 3562 VI
2186 3521 2290 3575 14),·
2322 3518 2411 3563 Cic.
2443 3517 2501 3561 de

320 3592 383 3622 or
403 3580 467 3622 II
485 3583 583 3623 155.
615 3580 745 3623 Tusc.
760 3580 794 3622 I
799 3581 894 3624 V5
920 3580 1065 3623 Aead.
1077 3593 1224 3635 przor.
1243 3580 1307 3622 II
1318 3581 1419 3622 137
1446 3577 1509 3621 ad
1524 3579 1618 3623 Att.
1639 3579 1750 3622 XII
1767 3582 1844 3632 23,
1853 3582 1910 3633 2;
1933 3580 2057 3624 Plut.
2079 3577 2189 3622 Cato
2213 3578 2321 3622 mai.
2338 3575 2504 3662 XXII

323 3638 468 3691 (Ptin.
497 3639 599 3682 VII
620 3642 753 3694 112),-
785 3640 967 3683 Aelian.
994 3638 1045 3682 V.
1072 3639 1134 3682 H.
1170 3639 1262 3682 III
1288 3641 1370 3692 17,
1401 3637 1532 3682 Lact.
1565 3638 1669 3682 inst.
1699 3639 1831 3692 V14,
1849 3641 1877 3682 3

473 3807 525 3845 11
561 3802 806 3858 apponicx.
840 3803 925 3858 (vel
954 3801 1066 3859 -ixc)
1098 3815 1192 3845 non
1223 3814 1406 3845 mecon:
1440 3814 1540 3845 corr
1575 3801 1757 3846 Gronov
1785 3802 1791 3857 Ι
1818 3814 1901 3844 nos
1934 3813 2117 3856 quoque
2149 3801 2216 3845 vel
2246 3813 2422 3856 nosque
