2600 4198
243 185 322 231 XII
1092 182 1552 229 PROLEGOMENA

240 320 563 374 bibliotheca
610 319 922 373 monasterii
962 317 1084 373 Ord.
1124 319 1318 372 Bened.
1356 337 1406 371 n.
1448 318 1552 371 361
1597 318 1834 371 continet
1878 320 2088 386 praeter
2124 315 2413 388 Vegetium

237 414 291 464 et
328 409 646 464 Frontinum
687 412 740 461 et
787 408 1046 477 opuscula
1084 406 1342 476 quaedam
1380 406 1558 459 Petri
1595 405 1866 458 Diaconi
1915 404 2086 476 (velut
2124 408 2410 459 tractatum

238 499 302 552 de
341 502 463 551 ortu
502 501 556 550 et
586 498 698 550 vita
736 497 1000 550 iustorum
1041 495 1286 548 coenobii
1317 492 1645 565 Casinensis)
1686 493 2047 564 fragmentum
2079 511 2144 546 ex
2173 493 2312 547 libro
2346 494 2413 547 de

235 587 268 641 l.
308 587 341 640 l.
373 586 424 640 V
462 589 494 653 ξ
525 586 746 639 41—56
798 587 1106 654 excerptum
1153 615 1212 621 —
1259 582 1402 652 quod
1452 583 1762 651 epitomes
1810 582 2026 634 nomine
2077 582 2416 653 significatur

236 676 379 744 apud
411 673 724 745 Spengelios
763 691 968 742 nosque
1006 692 1102 725 —:
1142 672 1205 724 de
1245 690 1350 740 quo
1392 689 1510 723 cum
1551 670 1658 722 iam
1697 669 1960 723 Iohannes
1992 669 2239 739 Baptista
2268 670 2409 723 Mor·

239 781 410 834 gagne
449 763 687 816 medicus
725 762 1098 815 celeberrimus
1131 760 1390 829 quaedam
1428 758 1723 828 prodiderit
1755 757 2054 829 CRaccolta
2087 756 2135 808 d'
2168 757 2412 827 opuscoli

238 852 482 906 scientif.'
522 851 710 905 Venet.
748 855 786 904 t.
824 849 903 903 IV
943 870 992 919 p.
1033 848 1222 918 3sqq.)
1265 880 1334 886 —
1375 848 1428 901 id
1480 848 1623 916 quod
1662 866 1693 899 a
1731 847 1946 900 Blumio
1998 846 2232 900 monitus
2272 865 2411 899 com-

236 941 567 994 memorabat
621 938 679 992 O.
713 939 939 992 Mueller
991 938 1152 1007 praef.
1201 957 1251 1007 p.
1291 935 1422 989 XIII
1478 940 1530 989 et
1584 937 1639 988 111
1693 936 1810 990 adn.
1857 936 1921 987 ad
1964 935 2012 988 V
2051 936 2119 988 41
2177 937 2417 1005 itemque·

236 1030 294 1084 L.
314 1029 546 1100 Spengel
583 1030 616 1082 l.
650 1048 688 1080 s.
722 1047 759 1081 s.
800 1047 849 1096 p.
881 1028 996 1080 440
1033 1030 1085 1079 et
1122 1026 1179 1078 P.
1201 1025 1363 1078 Canal
1401 1026 1562 1095 praef.
1596 1045 1646 1094 p.
1672 1024 1853 1077 XXVI
1884 1056 1972 1093 —-‚
2002 1026 2212 1078 nescius
2251 1024 2418 1095 illius,

235 1122 298 1172 ut
335 1119 562 1187 videtur,
599 1117 866 1187 protraxit
903 1116 970 1168 H.
1005 1115 1127 1168 Keil
1176 1114 1231 1167 in
1270 1114 1405 1167 Mus
1439 1113 1607 1166 Rhen.
1641 1112 1719 1165 VI
1758 1111 1824 1185 (a.
1870 1111 2035 1184 1848)
2087 1133 2135 1182 p.
2175 1114 2280 1166 142
2298 1132 2414 1183 sqq.

236 1208 604 1275 edendumque
634 1205 855 1259 tradidit
885 1205 942 1258 L.
971 1204 1202 1275 Spengel
1232 1204 1288 1256 in
1322 1203 1615 1256 Comment.
1650 1204 1791 1255 acad.
1825 1203 2011 1255 Bavar.
2038 1200 2168 1255 VIII
2201 1201 2411 1274 (1854).

237 1295 389 1358 Quod
439 1295 799 1366 fragmentum
850 1312 971 1347 cum
1023 1294 1128 1345 iam
1169 1292 1291 1345 Keil
1343 1292 1665 1345 concluserit
1715 1310 1778 1344 ex
1825 1292 1919 1344 illo
1969 1291 2098 1344 olim
2139 1289 2415 1344 Casinensi

233 1385 467 1452 fluxisse,
507 1383 562 1435 id
592 1382 650 1434 L.
671 1381 903 1452 Spengel
941 1382 974 1433 l.
1009 1400 1045 1434 s.
1087 1401 1137 1449 p.
1170 1381 1280 1433 434
1311 1382 1434 1434 inde
1475 1381 1826 1449 confirmavit,
1868 1380 2011 1448 quod
2050 1380 2106 1432 in
2131 1381 2189 1432 F
2215 1380 2281 1432 ad
2306 1378 2414 1432 VII

233 1476 264 1539 ξ
295 1473 381 1542 28,
431 1472 525 1525 11101
568 1471 822 1525 Casinum
861 1489 1054 1523 nomen
1095 1472 1282 1539 exstat,
1333 1487 1521 1521 manus
1571 1469 1745 1537 prima
1795 1471 1851 1521 in
1890 1470 2129 1538 margine
2169 1469 2422 1537 adpinxit¹

232 1560 381 1614 NOT
413 1592 487 1598 —
519 1561 574 1612 id
607 1560 750 1629 quod
790 1560 893 1612 hoc
931 1577 1038 1611 uno
1078 1559 1199 1612 loco
1241 1556 1488 1628 acciditl)
1529 1557 1791 1625 uniceque
1825 1557 2122 1626 explicatur
2153 1574 2217 1608 ex
2255 1556 2414 1608 libra-

231 1651 298 1703 rii
332 1649 636 1702 Casinensis
676 1649 985 1701 attentione.
1048 1646 1162 1699 Iam
1202 1664 1402 1700 novum
1443 1647 1767 1714 tertiumque
1809 1649 2182 1716 argumentum
2214 1645 2415 1698 Loewii

231 1740 403 1793 nostri
456 1739 659 1790 notatis
713 1756 842 1790 usus
895 1737 1140 1789 adiunxit
1193 1735 1356 1788 Goetz
1410 1736 1467 1787 in
1514 1735 1724 1797 Quaest.
1767 1734 1991 1787 Varron.
2048 1733 2227 1805 (lenae
2271 1732 2412 1786 1886

232 1846 281 1896 p.
315 1826 393 1879 III
411 1824 534 1897 sq.):
568 1845 691 1878 nam
722 1827 897 1895 ipsum
932 1825 1149 1878 Petrum
1176 1824 1474 1878 Diaconum
1507 1823 1828 1877 monachum
1856 1823 2197 1876 Casinensem
2229 1821 2414 1894 (quem

232 1919 442 1968 constat
482 1916 641 1968 etiam
666 1914 973 1967 Vitruvium
1007 1915 1070 1966 de
1111 1914 1467 1967 architectura
1501 1912 1852 1981 Solinumque
1884 1913 1946 1966 de
1986 1912 2258 1965 miraculis
2298 1911 2413 1963 bre-

235 2006 428 2072 viasse,
481 2004 862 2057 astronomiam
914 2022 979 2056 ex
1018 2003 1289 2055 veteribus
1341 2002 1635 2073 collegisse,
1685 2002 1884 2054 librum
1932 2004 2180 2054 notarum
2228 1999 2422 2070 ampli-v

233 2095 420 2147 ficasse
460 2093 758 2145 adhibitum
801 2112 831 2145 a
862 2092 958 2144 Th.
991 2091 1294 2144 Mommsen
1334 2091 1438 2144 GL.
1478 2091 1558 2143 IV
1596 2111 1644 2160 p.
1679 2091 1786 2143 333
1807 2088 1949 2161 sqq.)
1990 2090 2229 2143 codicem
2270 2087 2412 2141 Casi-

234 2201 451 2235 nensem
501 2183 656 2234 illum
709 2181 1000 2235 confecisse
1051 2199 1173 2233 cum
1222 2180 1575 2249 probabiliter
1615 2179 1904 2234 coniecerit
1941 2178 2147 2245 Loewe,
2200 2177 2423 2241 accedit.

235 2272 376 2340 quod
417 2273 473 2323 in
518 2271 658 2323 libro
699 2271 859 2323 modo
899 2271 1131 2322 excitato
1174 2269 1237 2321 de
1278 2273 1401 2321 ortu
1441 2273 1494 2321 et
1533 2269 1643 2321 vita
1683 2268 1948 2320 iustorum
1990 2267 2234 2319 coenobii
2275 2264 2417 2318 Casi-

233 2360 412 2413 nensis
453 2361 509 2412 in
548 2359 878 2428 praefatione
909 2359 1051 2411 vitae
1086 2357 1136 2411 S.
1158 2357 1337 2410 Severi
1376 2359 1670 2427 praemissa
1704 2356 1963 2425 quaedam
1997 2355 2318 2407 exhibentur
2350 2373 2415 2406 ex

231 2451 350 2502 loco
390 2448 648 2502 Varronis
688 2450 800 2517 illo,
850 2448 916 2499 ad
957 2466 1116 2516 quem
1153 2445 1301 2499 NOT
1342 2447 1670 2516 adscriptum
1725 2449 1825 2514 est;
1876 2445 1986 2497 ibid
2023 2464 2074 2496 m
2116 2461 2239 2496 vero
2282 2461 2419 2511 quae-

235 2541 447 2591 exstant
497 2539 563 2590 ad
615 2538 840 2590 eundem
890 2536 1187 2589 Varronem
1248 2535 1543 2604 spectantia
1594 2555 1658 2588 ex
1708 2534 1980 2603 Augustin
2064 2532 2291 2601 repetita
2342 2531 2415 2584 eis

233 2627 363 2679 haec
396 2627 599 2679 adiecta
623 2629 769 2679 sunt:
802 2627 862 2678 de
892 2625 1073 2692 linqua
1105 2643 1218 2678 vero
1251 2625 1420 2677 latina
1452 2625 1607 2677 libros
1638 2642 1815 2677 novem
1846 2624 2026 2691 edidit3
2059 2622 2151 2675 ubi
2182 2621 2308 2674 libri
2338 2618 2415 2672 IX

237 2717 490 2785 quoniam
537 2718 687 2768 nullo
728 2714 886 2767 modo
927 2714 994 2766 ad
1039 2715 1208 2783 ipsius
1249 2713 1508 2766 Varronis
1555 2713 1747 2765 horum
1786 2712 2049 2764 librorum
2090 2706 2420 2779 epitomen2)

386 2834 427 2888 1)
461 2831 564 2875 Nisi
597 2844 866 2887 comparare
896 2830 980 2884 vis,
1013 2829 1138 2885 quod
1171 2829 1231 2872 ad
1267 2834 1336 2883 13,
1356 2834 1379 2871 3
1400 2843 1465 2884 sq.
1501 2828 1567 2871 Β·
1603 2830 1675 2884 (=
1700 2827 1899 2882 require)
1934 2839 2161 2882 suprascr.
2194 2839 2254 2867 m.
2292 2830 2330 2879 1,
2362 2825 2423 2867 ut

236 2907 326 2950 vid.
362 2933 416 2938 —
451 2904 665 2950 Ceterum
697 2919 802 2948 cum
834 2903 915 2947 1110
948 2903 1051 2947 1000
1082 2905 1246 2947 notato
1279 2902 1524 2946 cohaerere
1549 2903 1768 2958 putamus
1795 2900 1921 2955 quod
1952 2899 2001 2943 in
2026 2899 2124 2942 cod.
2153 2898 2304 2943 Oasin.
2330 2901 2413 2941 257

237 2981 296 3024 ad
328 2980 550 3024 Varronis
594 2992 763 3022 nomen
796 2977 1083 3034 adscriptum
1127 2979 1216 3021 est:
1265 2976 1382 3020 ‘Hic
1413 2976 1462 3019 in
1495 2976 1652 3019 casino
1687 2974 1861 3019 scolam
1891 2972 2188 3030 philosophie
2219 2971 2422 3026 tenuit',

235 3067 355 3110 quae
386 3054 513 3097 fictio
538 3053 614 3095 vix
639 3051 832 3095 dubium
865 3053 936 3095 est
960 3050 1073 3107 quin
1098 3050 1156 3094 ab
1184 3050 1345 3094 eodem
1371 3050 1506 3094 Petro
1532 3049 1738 3093 Diacono
1763 3048 1974 3105 profecta
2000 3047 2073 3090 sit.
2124 3046 2247 3090 Nam
2278 3045 2415 3089 illum

237 3126 470 3184 permulta
509 3126 570 3170 ad
606 3125 870 3182 augendam
909 3124 1082 3168 Montis
1124 3123 1280 3168 Casini
1323 3123 1496 3167 famam
1541 3123 1724 3165 finxisse
1758 3123 1960 3165 constat:
2009 3121 2066 3164 cf.
2099 3118 2414 3163 Wattenbach

239 3200 603 3246 ‘Deutschlands
638 3198 1100 3254 Geschichtsquellen
1132 3198 1196 3241 im
1228 3196 1522 3241 Mittelalter’
1556 3196 1597 3239 II
1627 3212 1672 3254 p.
1700 3201 1784 3240 236
1803 3210 1902 3252 sqq.
1936 3195 2007 3239 ed.
2033 3194 2107 3237 VI.

388 3277 430 3331 2)
463 3274 625 3330 Nuper
657 3287 767 3317 sane
798 3272 906 3316 Itali
939 3272 1198 3316 doctissimi
1229 3271 1425 3315 Mercati
1458 3273 1505 3315 et
1534 3270 1757 3314 Bonfanti
1792 3270 1958 3314 ‘Rend.
1992 3268 2208 3313 dell'·Ist.
2234 3267 2419 3311 Lomb?

236 3349 326 3393 vol.
358 3348 479 3392 XLII
511 3352 570 3406 (a.
606 3350 737 3404 1909)
770 3362 814 3404 p.
850 3351 934 3390 316
953 3361 1052 3403 sqq.
1096 3346 1196 3403 (ubi
1240 3346 1382 3390 etiam
1425 3345 1595 3389 notitia
1639 3345 1697 3388 de
1729 3358 1822 3400 qua
1864 3344 2002 3388 modo
2035 3342 2237 3387 diximus
2269 3340 2422 3385 011010

239 3425 325 3479 est)
351 3436 406 3466 ex
429 3422 581 3465 verbis
606 3421 886 3477 quibusdam
910 3420 1037 3465 Petri
1060 3419 1259 3464 Diaconi
1285 3419 1341 3463 de
1367 3419 1698 3463 commentario
1730 3419 1779 3461 in
1811 3416 2022 3475 regulam
2047 3416 2089 3460 S.
2107 3415 2156 3460 P.
2173 3413 2415 3459 Benedicti

237 3497 287 3541 in
319 3495 428 3541 Cod.
447 3495 600 3540 Oasin.
619 3500 703 3540 257
731 3495 987 3552 desumptis
1022 3494 1296 3539 concludere
1321 3493 1567 3537 voluerunt
1597 3493 1786 3537 Petrum
1802 3491 2024 3536 Varronis
2059 3489 2135 3533 ‘de
2166 3489 2266 3533 iure
2290 3487 2422 3544 civili

237 3570 266 3614 l.
294 3570 396 3613 XV’
425 3585 480 3614 ex
510 3569 781 3625 Hieronymi
813 3568 1028 3626 catalogo
1060 3571 1195 3612 notos
1226 3567 1421 3612 novisse.
1472 3567 1562 3611 Sed
1592 3567 1716 3611 Ictus
1750 3565 2045 3611 doctissimus
2067 3562 2421 3608 Maximilianus

239 3643 411 3689 Conrat
427 3642 525 3700 (qui
550 3643 666 3687 haec
682 3641 816 3686 nobis
839 3642 1083 3699 indicavit)
1100 3642 1360 3686 luculenter
1377 3641 1666 3685 demonstrat
1681 3641 1870 3684 Petrum
1888 3637 2164 3695 simpliciter
2179 3634 2416 3680 Lactantii

238 3717 381 3762 verba
410 3717 520 3761 Inst.
554 3716 644 3761 div.
670 3716 691 3759 I
723 3721 764 3772 1,
798 3721 852 3760 12
883 3717 951 3760 ita
983 3716 1284 3773 expressisse,
1317 3717 1369 3759 ut
1402 3715 1623 3759 Varronis
1654 3727 1824 3759 nomen
1862 3712 2055 3758 inferret
2085 3723 2168 3768 pro
2203 3709 2417 3765 ‘quidam

239 3791 492 3848 prudentes
524 3791 572 3834 et
602 3789 768 3834 arbitri
800 3790 1086 3846 aequitatis’:
1119 3789 1177 3834 cf.
1213 3790 1384 3834 ‘Zschn
1417 3789 1449 3833 f.
1475 3788 1826 3847 Rechtsgesch.’
1859 3786 1987 3831 XXX
2015 3800 2061 3842 p.
2093 3787 2181 3828 412
2198 3797 2265 3839 sq.
