<?xml version="1.0" encoding="UTF-8"?>
<!DOCTYPE html PUBLIC "-//W3C//DTD XHTML 1.0 Transitional//EN"
    "http://www.w3.org/TR/xhtml1/DTD/xhtml1-transitional.dtd">
<html xmlns="http://www.w3.org/1999/xhtml" xml:lang="en" lang="en">
 <head>
  <title>
</title>
<meta http-equiv="Content-Type" content="text/html;charset=utf-8" />
  <meta name='ocr-system' content='tesseract 3.04.00' />
  <meta name='ocr-capabilities' content='ocr_page ocr_carea ocr_par ocr_line ocrx_word'/>
</head>
<body>
  <div class='ocr_page' id='page_1' title='image "./delingualatinaqu00varruoft_0338.png"; bbox 0 0 2600 4198; ppageno 0'>
   <div class='ocr_carea' id='block_1_1' title="bbox 223 164 1666 220">
    <p class='ocr_par' dir='ltr' id='par_1_1' title="bbox 223 164 1666 220">
     <span class='ocr_line' id='line_1_1' title="bbox 223 164 1666 220; baseline 0.002 -12"><span class='ocrx_word' id='word_1_1' title='bbox 223 167 334 220; x_wconf 76' lang='lat'><strong>280</strong></span> <span class='ocrx_word' id='word_1_2' title='bbox 1190 164 1666 211; x_wconf 82' lang='lat' dir='ltr'>ADNOTATIONES</span> 
     </span>
    </p>
   </div>
   <div class='ocr_carea' id='block_1_2' title="bbox 215 299 2408 854">
    <p class='ocr_par' dir='ltr' id='par_1_2' title="bbox 215 299 2408 854">
     <span class='ocr_line' id='line_1_2' title="bbox 226 299 2403 372; baseline 0.001 -17"><span class='ocrx_word' id='word_1_3' title='bbox 226 309 413 355; x_wconf 80' lang='lat' dir='ltr'><strong>exstant</strong></span> <span class='ocrx_word' id='word_1_4' title='bbox 438 299 569 372; x_wconf 84' lang='grc' dir='ltr'>(κατ’</span> <span class='ocrx_word' id='word_1_5' title='bbox 597 302 866 370; x_wconf 79' lang='grc' dir='ltr'><em>ἀναλογίαν</em></span> <span class='ocrx_word' id='word_1_6' title='bbox 890 301 943 353; x_wconf 81' lang='grc' dir='ltr'><strong>δὲ</strong></span> <span class='ocrx_word' id='word_1_7' title='bbox 967 303 1239 368; x_wconf 79' lang='grc' dir='ltr'><strong><em>αὐξητικῶς</em></strong></span> <span class='ocrx_word' id='word_1_8' title='bbox 1272 302 1378 368; x_wconf 79' lang='grc' dir='ltr'><strong>μέν,</strong></span> <span class='ocrx_word' id='word_1_9' title='bbox 1409 301 1476 364; x_wconf 79' lang='grc' dir='ltr'><strong>ὡς</strong></span> <span class='ocrx_word' id='word_1_10' title='bbox 1508 302 1534 354; x_wconf 89' lang='grc' dir='ltr'><em>ὃ</em></span> <span class='ocrx_word' id='word_1_11' title='bbox 1563 303 1736 365; x_wconf 86' lang='grc' dir='ltr'><strong><em>Τιτυὸς</em></strong></span> <span class='ocrx_word' id='word_1_12' title='bbox 1759 304 1840 355; x_wconf 85' lang='grc' dir='ltr'><strong>καὶ</strong></span> <span class='ocrx_word' id='word_1_13' title='bbox 1862 306 2105 372; x_wconf 83' lang='grc' dir='ltr'><strong><em>Κύκλωψ,</em></strong></span> <span class='ocrx_word' id='word_1_14' title='bbox 2138 315 2403 371; x_wconf 77' lang='grc' dir='ltr'><strong><em>μειωτικῶς</em></strong></span> 
     </span>
     <span class='ocr_line' id='line_1_3' title="bbox 226 379 2405 452; baseline 0.001 -17"><span class='ocrx_word' id='word_1_15' title='bbox 226 385 278 436; x_wconf 80' lang='grc' dir='ltr'><strong>δὲ</strong></span> <span class='ocrx_word' id='word_1_16' title='bbox 309 384 376 445; x_wconf 81' lang='grc' dir='ltr'><strong>ὡς</strong></span> <span class='ocrx_word' id='word_1_17' title='bbox 407 383 433 435; x_wconf 86' lang='grc' dir='ltr'>ὁ</span> <span class='ocrx_word' id='word_1_18' title='bbox 458 379 743 452; x_wconf 81' lang='grc' dir='ltr'>Πυγμαῖος)</span> <span class='ocrx_word' id='word_1_19' title='bbox 768 387 999 446; x_wconf 78' lang='lat' dir='ltr'><strong>quomodo</strong></span> <span class='ocrx_word' id='word_1_20' title='bbox 1024 387 1090 434; x_wconf 91' lang='lat' dir='ltr'><strong>ad</strong></span> <span class='ocrx_word' id='word_1_21' title='bbox 1121 387 1385 446; x_wconf 73' lang='lat' dir='ltr'><strong>cateyorias</strong></span> <span class='ocrx_word' id='word_1_22' title='bbox 1414 386 1741 435; x_wconf 76' lang='lat' dir='ltr'><strong>multitudinis</strong></span> <span class='ocrx_word' id='word_1_23' title='bbox 1764 391 1807 436; x_wconf 88' lang='lat' dir='ltr'><strong>et</strong></span> <span class='ocrx_word' id='word_1_24' title='bbox 1829 389 2102 449; x_wconf 72' lang='lat' dir='ltr'><strong>exiquitatis</strong></span> <span class='ocrx_word' id='word_1_25' title='bbox 2123 390 2405 450; x_wconf 73' lang='lat' dir='ltr'><strong>referantur</strong></span> 
     </span>
     <span class='ocr_line' id='line_1_4' title="bbox 221 467 2405 532; baseline 0.001 -16"><span class='ocrx_word' id='word_1_26' title='bbox 221 483 321 516; x_wconf 89' lang='lat' dir='ltr'><strong>non</strong></span> <span class='ocrx_word' id='word_1_27' title='bbox 348 471 555 529; x_wconf 90' lang='lat' dir='ltr'><strong>apparet</strong></span> <span class='ocrx_word' id='word_1_28' title='bbox 581 481 667 516; x_wconf 89' lang='lat' dir='ltr'><strong>nec</strong></span> <span class='ocrx_word' id='word_1_29' title='bbox 689 467 1129 515; x_wconf 78' lang='lat' dir='ltr'><strong>subdistinctionem</strong></span> <span class='ocrx_word' id='word_1_30' title='bbox 1158 469 1364 529; x_wconf 86' lang='lat' dir='ltr'><strong>propter</strong></span> <span class='ocrx_word' id='word_1_31' title='bbox 1387 468 1712 531; x_wconf 68' lang='lat' dir='ltr'><strong>exiguitatem</strong></span> <span class='ocrx_word' id='word_1_32' title='bbox 1737 472 1781 516; x_wconf 90' lang='lat' dir='ltr'><strong>et</strong></span> <span class='ocrx_word' id='word_1_33' title='bbox 1808 472 2010 532; x_wconf 90' lang='lat' dir='ltr'><strong>propter</strong></span> <span class='ocrx_word' id='word_1_34' title='bbox 2032 469 2405 519; x_wconf 75' lang='lat' dir='ltr'><strong>multitudinem</strong></span> 
     </span>
     <span class='ocr_line' id='line_1_5' title="bbox 224 542 2406 618; baseline 0.002 -21"><span class='ocrx_word' id='word_1_35' title='bbox 224 553 347 597; x_wconf 89' lang='lat' dir='ltr'><strong>recte</strong></span> <span class='ocrx_word' id='word_1_36' title='bbox 386 551 499 608; x_wconf 73' lang='lat' dir='ltr'><strong>fieri</strong></span> <span class='ocrx_word' id='word_1_37' title='bbox 541 549 854 596; x_wconf 84' lang='lat' dir='ltr'><strong>concedimus.</strong></span> <span class='ocrx_word' id='word_1_38' title='bbox 905 549 1065 596; x_wconf 85' lang='lat' dir='ltr'><strong>Immo</strong></span> <span class='ocrx_word' id='word_1_39' title='bbox 1106 550 1151 596; x_wconf 87' lang='lat' dir='ltr'><strong>si</strong></span> <span class='ocrx_word' id='word_1_40' title='bbox 1188 563 1316 597; x_wconf 89' lang='lat' dir='ltr'><strong>sana</strong></span> <span class='ocrx_word' id='word_1_41' title='bbox 1355 549 1472 597; x_wconf 77' lang='lat' dir='ltr'><strong>haec</strong></span> <span class='ocrx_word' id='word_1_42' title='bbox 1514 542 1743 615; x_wconf 88' lang='lat' dir='ltr'><strong>(propter</strong></span> <span class='ocrx_word' id='word_1_43' title='bbox 1772 545 2168 618; x_wconf 78' lang='lat' dir='ltr'><strong>multitudinem)</strong></span> <span class='ocrx_word' id='word_1_44' title='bbox 2207 555 2251 600; x_wconf 90' lang='lat' dir='ltr'><strong>et</strong></span> <span class='ocrx_word' id='word_1_45' title='bbox 2280 567 2406 613; x_wconf 77' lang='lat' dir='ltr'><strong>quae</strong></span> 
     </span>
     <span class='ocr_line' id='line_1_6' title="bbox 224 628 2404 691; baseline 0.002 -13"><span class='ocrx_word' id='word_1_46' title='bbox 224 634 450 679; x_wconf 75' lang='lat' dir='ltr'><strong>secuntur</strong></span> <span class='ocrx_word' id='word_1_47' title='bbox 481 628 564 690; x_wconf 82' lang='lat' dir='ltr'><strong>(cf.</strong></span> <span class='ocrx_word' id='word_1_48' title='bbox 597 631 712 678; x_wconf 90' lang='lat' dir='ltr'><strong>adn.</strong></span> <span class='ocrx_word' id='word_1_49' title='bbox 735 629 816 690; x_wconf 85' lang='lat' dir='ltr'><strong>Sp.</strong></span> <span class='ocrx_word' id='word_1_50' title='bbox 815 629 858 689; x_wconf 89' lang='lat'><strong>),</strong></span> <span class='ocrx_word' id='word_1_51' title='bbox 893 629 1051 678; x_wconf 87' lang='lat' dir='ltr'><strong>Varro</strong></span> <span class='ocrx_word' id='word_1_52' title='bbox 1083 645 1139 678; x_wconf 70' lang='lat' dir='ltr'><strong>ew</strong></span> <span class='ocrx_word' id='word_1_53' title='bbox 1170 631 1531 679; x_wconf 73' lang='lat' dir='ltr'><strong>discriminibus</strong></span> <span class='ocrx_word' id='word_1_54' title='bbox 1562 645 1685 690; x_wconf 81' lang='lat' dir='ltr'><strong>quae</strong></span> <span class='ocrx_word' id='word_1_55' title='bbox 1714 633 1843 691; x_wconf 72' lang='lat' dir='ltr'><strong>fiunt</strong></span> <span class='ocrx_word' id='word_1_56' title='bbox 1872 647 1904 680; x_wconf 93' lang='lat' dir='ltr'><strong>a</strong></span> <span class='ocrx_word' id='word_1_57' title='bbox 1933 635 2025 681; x_wconf 86' lang='lat' dir='ltr'><strong>toto</strong></span> <span class='ocrx_word' id='word_1_58' title='bbox 2057 634 2151 681; x_wconf 92' lang='lat' dir='ltr'><strong>duo</strong></span> <span class='ocrx_word' id='word_1_59' title='bbox 2184 634 2404 682; x_wconf 80' lang='lat' dir='ltr'><strong>diversae</strong></span> 
     </span>
     <span class='ocr_line' id='line_1_7' title="bbox 225 710 2408 776; baseline 0.002 -16"><span class='ocrx_word' id='word_1_60' title='bbox 225 714 493 772; x_wconf 71' lang='lat' dir='ltr'><strong>cateyoriae</strong></span> <span class='ocrx_word' id='word_1_61' title='bbox 524 710 660 772; x_wconf 73' lang='lat' dir='ltr'><strong>eleqit</strong></span> <span class='ocrx_word' id='word_1_62' title='bbox 690 714 733 759; x_wconf 88' lang='lat' dir='ltr'><strong>et</strong></span> <span class='ocrx_word' id='word_1_63' title='bbox 756 712 902 759; x_wconf 81' lang='lat' dir='ltr'><strong>verba</strong></span> <span class='ocrx_word' id='word_1_64' title='bbox 933 715 1138 774; x_wconf 89' lang='lat' dir='ltr'><strong>propter</strong></span> <span class='ocrx_word' id='word_1_65' title='bbox 1160 711 1532 759; x_wconf 86' lang='lat' dir='ltr'><strong>multitudinem</strong></span> <span class='ocrx_word' id='word_1_66' title='bbox 1558 713 1733 761; x_wconf 89' lang='lat' dir='ltr'><strong>adiecit</strong></span> <span class='ocrx_word' id='word_1_67' title='bbox 1762 714 1935 774; x_wconf 77' lang='lat' dir='ltr'><strong>quibus</strong></span> <span class='ocrx_word' id='word_1_68' title='bbox 1965 715 2082 762; x_wconf 81' lang='lat' dir='ltr'><strong>haec</strong></span> <span class='ocrx_word' id='word_1_69' title='bbox 2105 716 2166 763; x_wconf 89' lang='lat' dir='ltr'><strong>ab</strong></span> <span class='ocrx_word' id='word_1_70' title='bbox 2191 717 2258 763; x_wconf 88' lang='lat' dir='ltr'><strong>eis</strong></span> <span class='ocrx_word' id='word_1_71' title='bbox 2279 711 2408 776; x_wconf 55' lang='lat' dir='ltr'><strong>&#39;quae</strong></span> 
     </span>
     <span class='ocr_line' id='line_1_8' title="bbox 215 793 973 854; baseline 0.001 -15"><span class='ocrx_word' id='word_1_72' title='bbox 215 794 518 854; x_wconf 85' lang='lat' dir='ltr'><strong>praecedunt</strong></span> <span class='ocrx_word' id='word_1_73' title='bbox 547 793 745 852; x_wconf 84' lang='lat' dir='ltr'><strong>differre</strong></span> <span class='ocrx_word' id='word_1_74' title='bbox 773 796 973 840; x_wconf 90' lang='lat' dir='ltr'><strong>notaret.</strong></span> 
     </span>
    </p>
   </div>
   <div class='ocr_carea' id='block_1_3' title="bbox 226 881 2418 2331">
    <p class='ocr_par' dir='ltr' id='par_1_3' title="bbox 379 881 1342 943">
     <span class='ocr_line' id='line_1_9' title="bbox 379 881 1342 943; baseline -0.001 -14"><span class='ocrx_word' id='word_1_75' title='bbox 379 883 501 943; x_wconf 89' lang='lat'>129,</span> <span class='ocrx_word' id='word_1_76' title='bbox 528 884 610 929; x_wconf 91' lang='lat'><strong>11.</strong></span> <span class='ocrx_word' id='word_1_77' title='bbox 652 883 702 929; x_wconf 89' lang='lat' dir='ltr'><strong>et</strong></span> <span class='ocrx_word' id='word_1_78' title='bbox 731 881 783 928; x_wconf 87' lang='lat' dir='ltr'><strong>id</strong></span> <span class='ocrx_word' id='word_1_79' title='bbox 815 881 891 930; x_wconf 88' lang='lat' dir='ltr'><strong>del</strong></span> <span class='ocrx_word' id='word_1_80' title='bbox 921 883 1044 929; x_wconf 85' lang='lat' dir='ltr'><strong>Mue</strong></span> <span class='ocrx_word' id='word_1_81' title='bbox 1076 896 1184 929; x_wconf 83' lang='lat' dir='ltr'><strong>cum</strong></span> <span class='ocrx_word' id='word_1_82' title='bbox 1215 882 1342 930; x_wconf 88' lang='lat' dir='ltr'><strong>aliis.</strong></span> 
     </span>
    </p>

    <p class='ocr_par' dir='ltr' id='par_1_4' title="bbox 228 961 2410 1105">
     <span class='ocr_line' id='line_1_10' title="bbox 377 961 2410 1026; baseline 0.002 -16"><span class='ocrx_word' id='word_1_83' title='bbox 377 964 498 1023; x_wconf 87' lang='lat'>129,</span> <span class='ocrx_word' id='word_1_84' title='bbox 526 964 608 1010; x_wconf 88' lang='grc'><strong>13.</strong></span> <span class='ocrx_word' id='word_1_85' title='bbox 647 962 746 1010; x_wconf 88' lang='lat' dir='ltr'><strong>Pro</strong></span> <span class='ocrx_word' id='word_1_86' title='bbox 778 962 1040 1010; x_wconf 83' lang='lat' dir='ltr'><strong>manubria</strong></span> <span class='ocrx_word' id='word_1_87' title='bbox 1065 962 1148 1023; x_wconf 82' lang='lat' dir='ltr'><strong>(cf.</strong></span> <span class='ocrx_word' id='word_1_88' title='bbox 1178 963 1258 1011; x_wconf 89' lang='lat' dir='ltr'><strong>VI</strong></span> <span class='ocrx_word' id='word_1_89' title='bbox 1278 962 1346 1010; x_wconf 86' lang='grc'><strong>85</strong></span> <span class='ocrx_word' id='word_1_90' title='bbox 1373 966 1416 1011; x_wconf 91' lang='lat' dir='ltr'><strong>et</strong></span> <span class='ocrx_word' id='word_1_91' title='bbox 1436 964 1596 1011; x_wconf 85' lang='lat' dir='ltr'><strong>Plaut.</strong></span> <span class='ocrx_word' id='word_1_92' title='bbox 1621 961 1738 1012; x_wconf 86' lang='lat' dir='ltr'><strong>Aul.</strong></span> <span class='ocrx_word' id='word_1_93' title='bbox 1767 965 1905 1026; x_wconf 84' lang='grc'><strong>471)</strong></span> <span class='ocrx_word' id='word_1_94' title='bbox 1938 967 2239 1014; x_wconf 89' lang='lat' dir='ltr'><strong>coniecerunt</strong></span> <span class='ocrx_word' id='word_1_95' title='bbox 2268 966 2410 1015; x_wconf 87' lang='lat' dir='ltr'><strong>aliud</strong></span> 
     </span>
     <span class='ocr_line' id='line_1_11' title="bbox 228 1044 1189 1105; baseline -0.002 -12"><span class='ocrx_word' id='word_1_96' title='bbox 228 1046 317 1093; x_wconf 82' lang='lat' dir='ltr'><strong>alii</strong></span> <span class='ocrx_word' id='word_1_97' title='bbox 328 1062 345 1103; x_wconf 93' lang='lat'><strong>,·</strong></span> <span class='ocrx_word' id='word_1_98' title='bbox 376 1046 434 1104; x_wconf 87' lang='lat' dir='ltr'><strong>cf.</strong></span> <span class='ocrx_word' id='word_1_99' title='bbox 460 1044 781 1093; x_wconf 68' lang='lat' dir='ltr'><strong>Reitzenstein</strong></span> <span class='ocrx_word' id='word_1_100' title='bbox 803 1060 857 1105; x_wconf 92' lang='lat' dir='ltr'><strong>p.</strong></span> <span class='ocrx_word' id='word_1_101' title='bbox 895 1045 964 1091; x_wconf 89' lang='grc'><strong>68</strong></span> <span class='ocrx_word' id='word_1_102' title='bbox 995 1044 1108 1092; x_wconf 92' lang='lat' dir='ltr'><strong>adn.</strong></span> <span class='ocrx_word' id='word_1_103' title='bbox 1145 1048 1189 1091; x_wconf 87' lang='lat'><strong>1.</strong></span> 
     </span>
    </p>

    <p class='ocr_par' dir='ltr' id='par_1_5' title="bbox 381 1122 2160 1189">
     <span class='ocr_line' id='line_1_12' title="bbox 381 1122 2160 1189; baseline 0.002 -16"><span class='ocrx_word' id='word_1_104' title='bbox 381 1128 501 1186; x_wconf 90' lang='lat'>129,</span> <span class='ocrx_word' id='word_1_105' title='bbox 530 1127 612 1173; x_wconf 89' lang='grc'><strong>14.</strong></span> <span class='ocrx_word' id='word_1_106' title='bbox 651 1122 988 1189; x_wconf 82' lang='lat' dir='ltr'><strong>pruden&lt;te&gt;s</strong></span> <span class='ocrx_word' id='word_1_107' title='bbox 1019 1125 1101 1185; x_wconf 84' lang='lat' dir='ltr'><strong>Sp.</strong></span> <span class='ocrx_word' id='word_1_108' title='bbox 1126 1127 1366 1185; x_wconf 73' lang='lat' dir='ltr'><strong>probante</strong></span> <span class='ocrx_word' id='word_1_109' title='bbox 1396 1126 1765 1176; x_wconf 88' lang='lat' dir='ltr'><strong>Reitzensteinio</strong></span> <span class='ocrx_word' id='word_1_110' title='bbox 1788 1143 1841 1188; x_wconf 89' lang='lat' dir='ltr'><strong>p.</strong></span> <span class='ocrx_word' id='word_1_111' title='bbox 1872 1130 1941 1176; x_wconf 95' lang='grc'><strong>68</strong></span> <span class='ocrx_word' id='word_1_112' title='bbox 1972 1129 2086 1176; x_wconf 89' lang='lat' dir='ltr'><strong>adn.</strong></span> <span class='ocrx_word' id='word_1_113' title='bbox 2111 1130 2160 1178; x_wconf 93' lang='grc'><strong>2.</strong></span> 
     </span>
    </p>

    <p class='ocr_par' dir='ltr' id='par_1_6' title="bbox 226 1192 2409 1338">
     <span class='ocr_line' id='line_1_13' title="bbox 381 1192 2409 1275; baseline 0.001 -20"><span class='ocrx_word' id='word_1_114' title='bbox 381 1209 502 1266; x_wconf 87' lang='grc'><strong>129,</strong></span> <span class='ocrx_word' id='word_1_115' title='bbox 530 1209 612 1255; x_wconf 90' lang='grc'><strong>16.</strong></span> <span class='ocrx_word' id='word_1_116' title='bbox 664 1206 788 1256; x_wconf 80' lang='lat' dir='ltr'><strong>Cum</strong></span> <span class='ocrx_word' id='word_1_117' title='bbox 823 1206 1030 1255; x_wconf 81' lang='lat' dir='ltr'><strong>Cliristio</strong></span> <span class='ocrx_word' id='word_1_118' title='bbox 1068 1208 1179 1266; x_wconf 80' lang='lat' dir='ltr'><strong>fecit</strong></span> <span class='ocrx_word' id='word_1_119' title='bbox 1210 1207 1530 1255; x_wconf 70' lang='lat' dir='ltr'><strong>Reitzenstein</strong></span> <span class='ocrx_word' id='word_1_120' title='bbox 1550 1223 1605 1267; x_wconf 92' lang='lat' dir='ltr'><strong>p.</strong></span> <span class='ocrx_word' id='word_1_121' title='bbox 1642 1210 1711 1256; x_wconf 90' lang='grc'><strong>68</strong></span> <span class='ocrx_word' id='word_1_122' title='bbox 1742 1192 1935 1257; x_wconf 49' lang='grc' dir='ltr'><strong>αᾱιι.’3.</strong></span> <span class='ocrx_word' id='word_1_123' title='bbox 1976 1236 2036 1243; x_wconf 89' lang='lat'><em>-</em></span> <span class='ocrx_word' id='word_1_124' title='bbox 2073 1225 2102 1257; x_wconf 85' lang='lat' dir='ltr'>a</span> <span class='ocrx_word' id='word_1_125' title='bbox 2134 1210 2409 1275; x_wconf 83' lang='lat' dir='ltr'><strong>pugilando</strong></span> 
     </span>
     <span class='ocr_line' id='line_1_14' title="bbox 226 1289 560 1338; baseline -0.006 0"><span class='ocrx_word' id='word_1_126' title='bbox 226 1289 560 1338; x_wconf 73' lang='lat' dir='ltr'><strong>Reitzenstein.</strong></span> 
     </span>
    </p>

    <p class='ocr_par' dir='ltr' id='par_1_7' title="bbox 232 1364 2411 1511">
     <span class='ocr_line' id='line_1_15' title="bbox 380 1364 2411 1433; baseline 0.001 -16"><span class='ocrx_word' id='word_1_127' title='bbox 380 1371 501 1431; x_wconf 88' lang='lat'>129,</span> <span class='ocrx_word' id='word_1_128' title='bbox 528 1372 611 1418; x_wconf 93' lang='grc'><strong>21.</strong></span> <span class='ocrx_word' id='word_1_129' title='bbox 662 1368 747 1417; x_wconf 89' lang='lat' dir='ltr'><strong>Ad</strong></span> <span class='ocrx_word' id='word_1_130' title='bbox 789 1369 1007 1417; x_wconf 85' lang='lat' dir='ltr'><strong>eiusdem</strong></span> <span class='ocrx_word' id='word_1_131' title='bbox 1038 1364 1258 1433; x_wconf 73' lang='lat' dir='ltr'><strong>(modi),</strong></span> <span class='ocrx_word' id='word_1_132' title='bbox 1293 1383 1389 1429; x_wconf 90' lang='lat' dir='ltr'><strong>pro</strong></span> <span class='ocrx_word' id='word_1_133' title='bbox 1434 1369 1525 1429; x_wconf 69' lang='lat' dir='ltr'><strong>quo</strong></span> <span class='ocrx_word' id='word_1_134' title='bbox 1558 1371 1787 1432; x_wconf 87' lang='lat' dir='ltr'><strong>equidem</strong></span> <span class='ocrx_word' id='word_1_135' title='bbox 1828 1373 2068 1420; x_wconf 85' lang='lat' dir='ltr'><strong>nonnulla</strong></span> <span class='ocrx_word' id='word_1_136' title='bbox 2111 1374 2411 1433; x_wconf 72' lang='lat' dir='ltr'><strong>apoyrapha,</strong></span> 
     </span>
     <span class='ocr_line' id='line_1_16' title="bbox 232 1451 766 1511; baseline -0.006 -11"><span class='ocrx_word' id='word_1_137' title='bbox 232 1453 290 1511; x_wconf 80' lang='lat' dir='ltr'><strong>cf.</strong></span> <span class='ocrx_word' id='word_1_138' title='bbox 324 1451 438 1500; x_wconf 91' lang='lat' dir='ltr'><strong>adn.</strong></span> <span class='ocrx_word' id='word_1_139' title='bbox 473 1451 539 1499; x_wconf 93' lang='lat' dir='ltr'><strong>ad</strong></span> <span class='ocrx_word' id='word_1_140' title='bbox 574 1451 694 1507; x_wconf 83' lang='lat'><strong>125,</strong></span> <span class='ocrx_word' id='word_1_141' title='bbox 722 1452 766 1498; x_wconf 92' lang='grc'><strong>8.</strong></span> 
     </span>
    </p>

    <p class='ocr_par' dir='ltr' id='par_1_8' title="bbox 230 1533 2418 2331">
     <span class='ocr_line' id='line_1_17' title="bbox 382 1533 2414 1595; baseline 0.002 -15"><span class='ocrx_word' id='word_1_142' title='bbox 382 1534 504 1594; x_wconf 92' lang='grc'><strong>129,</strong></span> <span class='ocrx_word' id='word_1_143' title='bbox 531 1534 613 1580; x_wconf 92' lang='grc'><strong>22.</strong></span> <span class='ocrx_word' id='word_1_144' title='bbox 667 1534 888 1594; x_wconf 89' lang='lat' dir='ltr'><strong>quinque</strong></span> <span class='ocrx_word' id='word_1_145' title='bbox 920 1533 1067 1581; x_wconf 88' lang='lat' dir='ltr'><strong>Laeti</strong></span> <span class='ocrx_word' id='word_1_146' title='bbox 1098 1533 1346 1592; x_wconf 76' lang='lat' dir='ltr'><strong>plerisque</strong></span> <span class='ocrx_word' id='word_1_147' title='bbox 1379 1534 1644 1594; x_wconf 83' lang='lat' dir='ltr'><strong>probatum</strong></span> <span class='ocrx_word' id='word_1_148' title='bbox 1687 1536 1732 1582; x_wconf 89' lang='lat' dir='ltr'><strong>si</strong></span> <span class='ocrx_word' id='word_1_149' title='bbox 1762 1550 1929 1582; x_wconf 80' lang='lat' dir='ltr'><strong>verum</strong></span> <span class='ocrx_word' id='word_1_150' title='bbox 1961 1539 2040 1591; x_wconf 86' lang='lat' dir='ltr'><strong>est,</strong></span> <span class='ocrx_word' id='word_1_151' title='bbox 2085 1536 2414 1595; x_wconf 75' lang='lat' dir='ltr'><strong>discrepantia</strong></span> 
     </span>
     <span class='ocr_line' id='line_1_18' title="bbox 231 1614 2410 1677; baseline 0.001 -14"><span class='ocrx_word' id='word_1_152' title='bbox 231 1617 387 1663; x_wconf 88' lang='lat' dir='ltr'><strong>oritur</strong></span> <span class='ocrx_word' id='word_1_153' title='bbox 428 1628 483 1661; x_wconf 76' lang='lat' dir='ltr'><strong>ex</strong></span> <span class='ocrx_word' id='word_1_154' title='bbox 529 1628 612 1661; x_wconf 71' lang='lat' dir='ltr'><strong>sex</strong></span> <span class='ocrx_word' id='word_1_155' title='bbox 659 1614 853 1661; x_wconf 79' lang='lat' dir='ltr'><strong>casibus</strong></span> <span class='ocrx_word' id='word_1_156' title='bbox 900 1615 1065 1662; x_wconf 85' lang='lat' dir='ltr'><strong>allatis</strong></span> <span class='ocrx_word' id='word_1_157' title='bbox 1113 1614 1341 1673; x_wconf 80' lang='lat' dir='ltr'><strong>(quorum</strong></span> <span class='ocrx_word' id='word_1_158' title='bbox 1388 1615 1604 1674; x_wconf 75' lang='lat' dir='ltr'><strong>exempla</strong></span> <span class='ocrx_word' id='word_1_159' title='bbox 1649 1617 1845 1664; x_wconf 78' lang='lat' dir='ltr'><strong>sustulit</strong></span> <span class='ocrx_word' id='word_1_160' title='bbox 1877 1618 2155 1666; x_wconf 80' lang='lat' dir='ltr'><strong>Wilnianns</strong></span> <span class='ocrx_word' id='word_1_161' title='bbox 2177 1633 2230 1677; x_wconf 88' lang='lat' dir='ltr'><strong>p.</strong></span> <span class='ocrx_word' id='word_1_162' title='bbox 2267 1621 2350 1673; x_wconf 84' lang='lat'><strong>11,</strong></span> <span class='ocrx_word' id='word_1_163' title='bbox 2379 1620 2410 1665; x_wconf 87' lang='lat'><em>1</em></span> 
     </span>
     <span class='ocr_line' id='line_1_19' title="bbox 232 1695 2415 1760; baseline 0.001 -16"><span class='ocrx_word' id='word_1_164' title='bbox 232 1698 411 1752; x_wconf 80' lang='lat' dir='ltr'><strong>omnia,</strong></span> <span class='ocrx_word' id='word_1_165' title='bbox 446 1696 713 1743; x_wconf 81' lang='lat' dir='ltr'><strong>ablativum</strong></span> <span class='ocrx_word' id='word_1_166' title='bbox 743 1711 852 1744; x_wconf 81' lang='lat' dir='ltr'><strong>curn</strong></span> <span class='ocrx_word' id='word_1_167' title='bbox 883 1696 1037 1744; x_wconf 89' lang='lat' dir='ltr'><strong>Laeto</strong></span> <span class='ocrx_word' id='word_1_168' title='bbox 1070 1695 1274 1756; x_wconf 73' lang='lat' dir='ltr'><strong>aliisque</strong></span> <span class='ocrx_word' id='word_1_169' title='bbox 1304 1695 1479 1756; x_wconf 88' lang='lat' dir='ltr'><strong>Mue);</strong></span> <span class='ocrx_word' id='word_1_170' title='bbox 1510 1700 1626 1756; x_wconf 90' lang='lat' dir='ltr'><strong>post</strong></span> <span class='ocrx_word' id='word_1_171' title='bbox 1662 1699 1878 1760; x_wconf 89' lang='lat' dir='ltr'><strong>quinque</strong></span> <span class='ocrx_word' id='word_1_172' title='bbox 1910 1699 2230 1747; x_wconf 69' lang='lat' dir='ltr'><strong>Reitzenstein</strong></span> <span class='ocrx_word' id='word_1_173' title='bbox 2254 1715 2306 1760; x_wconf 89' lang='lat' dir='ltr'><strong>p.</strong></span> <span class='ocrx_word' id='word_1_174' title='bbox 2343 1700 2415 1747; x_wconf 91' lang='grc'><strong>68</strong></span> 
     </span>
     <span class='ocr_line' id='line_1_20' title="bbox 232 1773 2416 1841; baseline 0.001 -15"><span class='ocrx_word' id='word_1_175' title='bbox 232 1778 345 1827; x_wconf 88' lang='lat' dir='ltr'><strong>adn.</strong></span> <span class='ocrx_word' id='word_1_176' title='bbox 383 1779 415 1825; x_wconf 88' lang='lat'><strong><em>6</em></strong></span> <span class='ocrx_word' id='word_1_177' title='bbox 444 1774 674 1841; x_wconf 84' lang='lat' dir='ltr'><strong>&lt;sextum</strong></span> <span class='ocrx_word' id='word_1_178' title='bbox 705 1792 794 1825; x_wconf 89' lang='lat' dir='ltr'><strong>nos</strong></span> <span class='ocrx_word' id='word_1_179' title='bbox 827 1773 1146 1840; x_wconf 79' lang='lat' dir='ltr'><strong>addidimus&gt;</strong></span> <span class='ocrx_word' id='word_1_180' title='bbox 1176 1778 1389 1838; x_wconf 76' lang='lat' dir='ltr'><strong>supplet:</strong></span> <span class='ocrx_word' id='word_1_181' title='bbox 1431 1793 1522 1838; x_wconf 80' lang='lat' dir='ltr'><strong>quo</strong></span> <span class='ocrx_word' id='word_1_182' title='bbox 1564 1780 1692 1839; x_wconf 77' lang='lat' dir='ltr'><strong>facto</strong></span> <span class='ocrx_word' id='word_1_183' title='bbox 1724 1782 1994 1828; x_wconf 89' lang='lat' dir='ltr'><strong>traicienda</strong></span> <span class='ocrx_word' id='word_1_184' title='bbox 2024 1783 2178 1829; x_wconf 89' lang='lat' dir='ltr'><strong>essent</strong></span> <span class='ocrx_word' id='word_1_185' title='bbox 2206 1782 2352 1829; x_wconf 81' lang='lat' dir='ltr'><strong>verba</strong></span> <span class='ocrx_word' id='word_1_186' title='bbox 2385 1797 2416 1829; x_wconf 78' lang='lat' dir='ltr'><strong>a·</strong></span> 
     </span>
     <span class='ocr_line' id='line_1_21' title="bbox 234 1858 2417 1922; baseline 0.002 -16"><span class='ocrx_word' id='word_1_187' title='bbox 234 1875 332 1921; x_wconf 88' lang='lat' dir='ltr'><strong>quo</strong></span> <span class='ocrx_word' id='word_1_188' title='bbox 363 1861 567 1908; x_wconf 81' lang='lat' dir='ltr'><strong>vocetur</strong></span> <span class='ocrx_word' id='word_1_189' title='bbox 608 1861 665 1906; x_wconf 92' lang='lat' dir='ltr'><strong>ut</strong></span> <span class='ocrx_word' id='word_1_190' title='bbox 709 1858 770 1906; x_wconf 85' lang='lat' dir='ltr'><strong>ab</strong></span> <span class='ocrx_word' id='word_1_191' title='bbox 803 1858 1015 1907; x_wconf 82' lang='lat' dir='ltr'><strong>Hercule</strong></span> <span class='ocrx_word' id='word_1_192' title='bbox 1058 1862 1112 1907; x_wconf 87' lang='lat' dir='ltr'><strong>in</strong></span> <span class='ocrx_word' id='word_1_193' title='bbox 1142 1861 1290 1918; x_wconf 77' lang='lat' dir='ltr'><strong>finem</strong></span> <span class='ocrx_word' id='word_1_194' title='bbox 1322 1861 1571 1908; x_wconf 84' lang='lat' dir='ltr'><strong>enuntiati.</strong></span> <span class='ocrx_word' id='word_1_195' title='bbox 1622 1859 1693 1908; x_wconf 87' lang='lat' dir='ltr'><strong>At</strong></span> <span class='ocrx_word' id='word_1_196' title='bbox 1723 1861 1780 1909; x_wconf 91' lang='lat' dir='ltr'><strong>de</strong></span> <span class='ocrx_word' id='word_1_197' title='bbox 1810 1865 1938 1910; x_wconf 75' lang='lat' dir='ltr'><strong>sexto</strong></span> <span class='ocrx_word' id='word_1_198' title='bbox 1970 1877 2087 1909; x_wconf 79' lang='lat' dir='ltr'><strong>casu</strong></span> <span class='ocrx_word' id='word_1_199' title='bbox 2118 1877 2417 1922; x_wconf 77' lang='lat' dir='ltr'><strong>quamquam</strong></span> 
     </span>
     <span class='ocr_line' id='line_1_22' title="bbox 232 1936 2416 2003; baseline 0.001 -14"><span class='ocrx_word' id='word_1_200' title='bbox 232 1942 562 2001; x_wconf 81' lang='lat' dir='ltr'><strong>discrepantia</strong></span> <span class='ocrx_word' id='word_1_201' title='bbox 591 1941 689 2000; x_wconf 80' lang='lat' dir='ltr'><strong>fuit</strong></span> <span class='ocrx_word' id='word_1_202' title='bbox 717 1941 845 1988; x_wconf 81' lang='lat' dir='ltr'><strong>inter</strong></span> <span class='ocrx_word' id='word_1_203' title='bbox 878 1940 1090 1989; x_wconf 81' lang='lat' dir='ltr'><strong>Graecos</strong></span> <span class='ocrx_word' id='word_1_204' title='bbox 1122 1945 1165 1989; x_wconf 89' lang='lat' dir='ltr'><strong>et</strong></span> <span class='ocrx_word' id='word_1_205' title='bbox 1194 1942 1418 1997; x_wconf 57' lang='lat' dir='ltr'><strong>Latino&amp;</strong></span> <span class='ocrx_word' id='word_1_206' title='bbox 1453 1936 1813 1990; x_wconf 81' lang='lat' dir='ltr'><strong>‘controversia’</strong></span> <span class='ocrx_word' id='word_1_207' title='bbox 1849 1946 2009 1991; x_wconf 81' lang='lat' dir='ltr'><strong>tamen</strong></span> <span class='ocrx_word' id='word_1_208' title='bbox 2038 1957 2136 1990; x_wconf 88' lang='lat' dir='ltr'><strong>non</strong></span> <span class='ocrx_word' id='word_1_209' title='bbox 2167 1945 2275 2003; x_wconf 80' lang='lat' dir='ltr'><strong>fuit.</strong></span> <span class='ocrx_word' id='word_1_210' title='bbox 2318 1942 2416 1992; x_wconf 81' lang='lat' dir='ltr'><strong>Sed</strong></span> 
     </span>
     <span class='ocr_line' id='line_1_23' title="bbox 230 2023 2415 2086; baseline 0.001 -16"><span class='ocrx_word' id='word_1_211' title='bbox 230 2024 328 2083; x_wconf 84' lang='lat' dir='ltr'><strong>fuit</strong></span> <span class='ocrx_word' id='word_1_212' title='bbox 360 2023 494 2082; x_wconf 90' lang='lat' dir='ltr'><strong>apud</strong></span> <span class='ocrx_word' id='word_1_213' title='bbox 520 2024 865 2082; x_wconf 67' lang='lat' dir='ltr'><strong>yrammaticos</strong></span> <span class='ocrx_word' id='word_1_214' title='bbox 895 2025 1071 2071; x_wconf 43' lang='lat' dir='ltr'><strong>‘veteres</strong></span> <span class='ocrx_word' id='word_1_215' title='bbox 1102 2025 1425 2071; x_wconf 81' lang='lat' dir='ltr'><strong>controversia</strong></span> <span class='ocrx_word' id='word_1_216' title='bbox 1457 2038 1525 2071; x_wconf 90' lang='lat' dir='ltr'><strong>an</strong></span> <span class='ocrx_word' id='word_1_217' title='bbox 1553 2026 1884 2072; x_wconf 77' lang='lat' dir='ltr'><strong>nominativus</strong></span> <span class='ocrx_word' id='word_1_218' title='bbox 1914 2039 2058 2073; x_wconf 86' lang='lat' dir='ltr'><strong>casus</strong></span> <span class='ocrx_word' id='word_1_219' title='bbox 2087 2026 2151 2073; x_wconf 87' lang='lat' dir='ltr'><strong>sit</strong></span> <span class='ocrx_word' id='word_1_220' title='bbox 2181 2027 2264 2086; x_wconf 77' lang='lat' dir='ltr'><strong>(cf.</strong></span> <span class='ocrx_word' id='word_1_221' title='bbox 2290 2027 2415 2074; x_wconf 89' lang='lat' dir='ltr'><strong>testi-</strong></span> 
     </span>
     <span class='ocr_line' id='line_1_24' title="bbox 233 2103 2418 2166; baseline 0.001 -14"><span class='ocrx_word' id='word_1_222' title='bbox 233 2105 422 2166; x_wconf 81' lang='lat' dir='ltr'><strong>monia)</strong></span> <span class='ocrx_word' id='word_1_223' title='bbox 433 2121 449 2151; x_wconf 91' lang='grc'><strong>.·</strong></span> <span class='ocrx_word' id='word_1_224' title='bbox 489 2105 618 2152; x_wconf 77' lang='lat' dir='ltr'><strong>unde</strong></span> <span class='ocrx_word' id='word_1_225' title='bbox 652 2105 901 2163; x_wconf 76' lang='lat' dir='ltr'><strong>profectus</strong></span> <span class='ocrx_word' id='word_1_226' title='bbox 931 2103 1196 2153; x_wconf 77' lang='lat' dir='ltr'><strong>Schoellius</strong></span> <span class='ocrx_word' id='word_1_227' title='bbox 1216 2105 1504 2153; x_wconf 76' lang='lat' dir='ltr'><strong>,dubitanter</strong></span> <span class='ocrx_word' id='word_1_228' title='bbox 1533 2106 1649 2152; x_wconf 77' lang='lat' dir='ltr'><strong>haec</strong></span> <span class='ocrx_word' id='word_1_229' title='bbox 1680 2108 1896 2153; x_wconf 80' lang='lat' dir='ltr'><strong>coniecit:</strong></span> <span class='ocrx_word' id='word_1_230' title='bbox 1938 2108 2043 2154; x_wconf 90' lang='lat' dir='ltr'><strong>sine</strong></span> <span class='ocrx_word' id='word_1_231' title='bbox 2081 2109 2418 2155; x_wconf 83' lang='lat' dir='ltr'><strong>controversia.</strong></span> 
     </span>
     <span class='ocr_line' id='line_1_25' title="bbox 234 2184 2418 2252; baseline 0 -18"><span class='ocrx_word' id='word_1_232' title='bbox 234 2184 391 2251; x_wconf 85' lang='lat' dir='ltr'><strong>&lt;sunt</strong></span> <span class='ocrx_word' id='word_1_233' title='bbox 433 2185 646 2248; x_wconf 67' lang='lat' dir='ltr'><strong>obliqui,</strong></span> <span class='ocrx_word' id='word_1_234' title='bbox 682 2185 768 2247; x_wconf 90' lang='lat' dir='ltr'><strong>qui</strong></span> <span class='ocrx_word' id='word_1_235' title='bbox 810 2188 1080 2234; x_wconf 86' lang='lat' dir='ltr'><strong>nascuntur</strong></span> <span class='ocrx_word' id='word_1_236' title='bbox 1123 2203 1151 2233; x_wconf 84' lang='lat' dir='ltr'><strong>a</strong></span> <span class='ocrx_word' id='word_1_237' title='bbox 1193 2188 1349 2234; x_wconf 79' lang='lat' dir='ltr'><strong>recto:</strong></span> <span class='ocrx_word' id='word_1_238' title='bbox 1393 2186 1522 2234; x_wconf 90' lang='lat' dir='ltr'><strong>unde</strong></span> <span class='ocrx_word' id='word_1_239' title='bbox 1564 2190 1726 2235; x_wconf 83' lang='lat' dir='ltr'><strong>rectus</strong></span> <span class='ocrx_word' id='word_1_240' title='bbox 1773 2203 1835 2234; x_wconf 84' lang='lat' dir='ltr'><strong>an</strong></span> <span class='ocrx_word' id='word_1_241' title='bbox 1878 2188 1945 2236; x_wconf 88' lang='lat' dir='ltr'><strong>sit</strong></span> <span class='ocrx_word' id='word_1_242' title='bbox 1976 2185 2152 2252; x_wconf 83' lang='lat' dir='ltr'><strong>casus&gt;</strong></span> <span class='ocrx_word' id='word_1_243' title='bbox 2184 2191 2300 2236; x_wconf 89' lang='lat' dir='ltr'><strong>sunt</strong></span> <span class='ocrx_word' id='word_1_244' title='bbox 2330 2187 2418 2251; x_wconf 90' lang='lat' dir='ltr'><strong>qui</strong></span> 
     </span>
     <span class='ocr_line' id='line_1_26' title="bbox 236 2263 1718 2331; baseline 0.001 -16"><span class='ocrx_word' id='word_1_245' title='bbox 236 2263 527 2331; x_wconf 83' lang='lat' dir='ltr'><strong>quae&lt;rant.</strong></span> <span class='ocrx_word' id='word_1_246' title='bbox 568 2283 657 2316; x_wconf 84' lang='lat' dir='ltr'><strong>nos</strong></span> <span class='ocrx_word' id='word_1_247' title='bbox 689 2283 806 2316; x_wconf 91' lang='lat' dir='ltr'><strong>vero</strong></span> <span class='ocrx_word' id='word_1_248' title='bbox 838 2284 923 2316; x_wconf 81' lang='lat' dir='ltr'><strong>sex</strong></span> <span class='ocrx_word' id='word_1_249' title='bbox 953 2267 1208 2328; x_wconf 83' lang='lat' dir='ltr'><strong>habemus,</strong></span> <span class='ocrx_word' id='word_1_250' title='bbox 1242 2266 1417 2316; x_wconf 82' lang='lat' dir='ltr'><strong>Graeci</strong></span> <span class='ocrx_word' id='word_1_251' title='bbox 1452 2263 1718 2331; x_wconf 73' lang='lat' dir='ltr'><strong>quinque).</strong></span> 
     </span>
    </p>
   </div>
   <div class='ocr_carea' id='block_1_4' title="bbox 237 2352 2422 2996">
    <p class='ocr_par' dir='ltr' id='par_1_9' title="bbox 237 2352 2418 2502">
     <span class='ocr_line' id='line_1_27' title="bbox 389 2352 2418 2421; baseline 0.001 -17"><span class='ocrx_word' id='word_1_252' title='bbox 389 2358 509 2420; x_wconf 86' lang='lat'>130,</span> <span class='ocrx_word' id='word_1_253' title='bbox 536 2359 582 2405; x_wconf 92' lang='grc'><strong>2.</strong></span> <span class='ocrx_word' id='word_1_254' title='bbox 633 2352 918 2421; x_wconf 71' lang='lat' dir='ltr'><strong>(alterum)</strong></span> <span class='ocrx_word' id='word_1_255' title='bbox 961 2359 1168 2405; x_wconf 83' lang='lat' dir='ltr'><strong>accessit</strong></span> <span class='ocrx_word' id='word_1_256' title='bbox 1209 2357 1254 2404; x_wconf 85' lang='lat' dir='ltr'><strong>d.</strong></span> <span class='ocrx_word' id='word_1_257' title='bbox 1299 2373 1342 2419; x_wconf 89' lang='lat' dir='ltr'><strong>g.</strong></span> <span class='ocrx_word' id='word_1_258' title='bbox 1368 2357 1689 2405; x_wconf 68' lang='lat' dir='ltr'><strong>Reitzenstein</strong></span> <span class='ocrx_word' id='word_1_259' title='bbox 1719 2373 1773 2417; x_wconf 92' lang='lat' dir='ltr'><strong>p.</strong></span> <span class='ocrx_word' id='word_1_260' title='bbox 1812 2359 1881 2406; x_wconf 92' lang='grc'><strong>68</strong></span> <span class='ocrx_word' id='word_1_261' title='bbox 1913 2357 2026 2406; x_wconf 89' lang='lat' dir='ltr'><strong>adn.</strong></span> <span class='ocrx_word' id='word_1_262' title='bbox 2063 2360 2095 2406; x_wconf 85' lang='lat'><em>7</em></span> <span class='ocrx_word' id='word_1_263' title='bbox 2127 2359 2418 2407; x_wconf 85' lang='lat' dir='ltr'><strong>dubitanter.</strong></span> 
     </span>
     <span class='ocr_line' id='line_1_28' title="bbox 237 2433 1549 2502; baseline 0 -16"><span class='ocrx_word' id='word_1_264' title='bbox 237 2438 291 2486; x_wconf 86' lang='lat' dir='ltr'><strong>Si</strong></span> <span class='ocrx_word' id='word_1_265' title='bbox 323 2438 441 2499; x_wconf 76' lang='lat' dir='ltr'><strong>quid</strong></span> <span class='ocrx_word' id='word_1_266' title='bbox 473 2439 764 2494; x_wconf 81' lang='lat' dir='ltr'><strong>addendum,</strong></span> <span class='ocrx_word' id='word_1_267' title='bbox 788 2442 1004 2498; x_wconf 88' lang='lat' dir='ltr'><strong>praestet</strong></span> <span class='ocrx_word' id='word_1_268' title='bbox 1035 2440 1242 2486; x_wconf 83' lang='lat' dir='ltr'><strong>accessit</strong></span> <span class='ocrx_word' id='word_1_269' title='bbox 1272 2433 1395 2502; x_wconf 71' lang='lat' dir='ltr'><strong>&lt;id&gt;</strong></span> <span class='ocrx_word' id='word_1_270' title='bbox 1426 2439 1470 2486; x_wconf 89' lang='lat' dir='ltr'><strong>d.</strong></span> <span class='ocrx_word' id='word_1_271' title='bbox 1503 2455 1549 2502; x_wconf 82' lang='lat' dir='ltr'><strong>g.</strong></span> 
     </span>
    </p>

    <p class='ocr_par' dir='ltr' id='par_1_10' title="bbox 389 2520 2225 2582">
     <span class='ocr_line' id='line_1_29' title="bbox 389 2520 2225 2582; baseline 0.002 -15"><span class='ocrx_word' id='word_1_272' title='bbox 389 2521 510 2582; x_wconf 88' lang='lat'>130,</span> <span class='ocrx_word' id='word_1_273' title='bbox 538 2521 582 2568; x_wconf 88' lang='grc'><strong>6.</strong></span> <span class='ocrx_word' id='word_1_274' title='bbox 624 2523 735 2569; x_wconf 91' lang='lat' dir='ltr'><strong>ante</strong></span> <span class='ocrx_word' id='word_1_275' title='bbox 765 2520 886 2568; x_wconf 80' lang='lat' dir='ltr'><strong>haec</strong></span> <span class='ocrx_word' id='word_1_276' title='bbox 916 2521 1150 2569; x_wconf 80' lang='lat' dir='ltr'><strong>maiorem</strong></span> <span class='ocrx_word' id='word_1_277' title='bbox 1179 2521 1368 2568; x_wconf 78' lang='lat' dir='ltr'><strong>hiatum</strong></span> <span class='ocrx_word' id='word_1_278' title='bbox 1400 2535 1498 2568; x_wconf 88' lang='lat' dir='ltr'><strong>esse</strong></span> <span class='ocrx_word' id='word_1_279' title='bbox 1529 2523 1682 2568; x_wconf 89' lang='lat' dir='ltr'><strong>censet</strong></span> <span class='ocrx_word' id='word_1_280' title='bbox 1711 2521 2031 2569; x_wconf 83' lang='lat' dir='ltr'><strong>Reitzenstein</strong></span> <span class='ocrx_word' id='word_1_281' title='bbox 2052 2536 2107 2581; x_wconf 88' lang='lat' dir='ltr'><strong>p.</strong></span> <span class='ocrx_word' id='word_1_282' title='bbox 2145 2523 2225 2570; x_wconf 90' lang='lat'><strong>69.</strong></span> 
     </span>
    </p>

    <p class='ocr_par' dir='ltr' id='par_1_11' title="bbox 389 2596 1927 2667">
     <span class='ocr_line' id='line_1_30' title="bbox 389 2596 1927 2667; baseline -0.001 -18"><span class='ocrx_word' id='word_1_283' title='bbox 389 2603 511 2663; x_wconf 90' lang='grc'><strong>130,</strong></span> <span class='ocrx_word' id='word_1_284' title='bbox 539 2602 605 2649; x_wconf 89' lang='grc'><strong>18</strong></span> <span class='ocrx_word' id='word_1_285' title='bbox 666 2601 801 2650; x_wconf 82' lang='lat' dir='ltr'><strong>Oorr.</strong></span> <span class='ocrx_word' id='word_1_286' title='bbox 833 2596 1296 2666; x_wconf 81' lang='lat' dir='ltr'><strong>declinati0[nibus]</strong></span> <span class='ocrx_word' id='word_1_287' title='bbox 1321 2616 1417 2661; x_wconf 91' lang='lat' dir='ltr'><strong>pro</strong></span> <span class='ocrx_word' id='word_1_288' title='bbox 1450 2597 1927 2667; x_wconf 82' lang='lat' dir='ltr'><strong>dealinatio[nibus].</strong></span> 
     </span>
    </p>

    <p class='ocr_par' dir='ltr' id='par_1_12' title="bbox 237 2678 2419 2826">
     <span class='ocr_line' id='line_1_31' title="bbox 391 2678 2419 2749; baseline 0.001 -19"><span class='ocrx_word' id='word_1_289' title='bbox 391 2684 512 2744; x_wconf 86' lang='lat'>130,</span> <span class='ocrx_word' id='word_1_290' title='bbox 540 2684 607 2731; x_wconf 88' lang='grc'><strong>23</strong></span> <span class='ocrx_word' id='word_1_291' title='bbox 626 2697 692 2743; x_wconf 81' lang='lat' dir='ltr'><strong>sq.</strong></span> <span class='ocrx_word' id='word_1_292' title='bbox 735 2683 867 2746; x_wconf 89' lang='lat' dir='ltr'><strong>quod</strong></span> <span class='ocrx_word' id='word_1_293' title='bbox 898 2683 992 2732; x_wconf 90' lang='lat' dir='ltr'><strong>sibi</strong></span> <span class='ocrx_word' id='word_1_294' title='bbox 1015 2684 1088 2732; x_wconf 80' lang='lat' dir='ltr'><strong>vel</strong></span> <span class='ocrx_word' id='word_1_295' title='bbox 1114 2683 1245 2745; x_wconf 90' lang='lat' dir='ltr'><strong>quod</strong></span> <span class='ocrx_word' id='word_1_296' title='bbox 1271 2678 1385 2748; x_wconf 88' lang='lat' dir='ltr'><strong>[ibi]</strong></span> <span class='ocrx_word' id='word_1_297' title='bbox 1414 2684 1578 2744; x_wconf 67' lang='lat' dir='ltr'><strong>Beryto</strong></span> <span class='ocrx_word' id='word_1_298' title='bbox 1605 2683 1775 2744; x_wconf 87' lang='lat' dir='ltr'><strong>Opusc.</strong></span> <span class='ocrx_word' id='word_1_299' title='bbox 1802 2685 1840 2731; x_wconf 95' lang='lat' dir='ltr'><strong><em>I</em></strong></span> <span class='ocrx_word' id='word_1_300' title='bbox 1855 2699 1910 2744; x_wconf 90' lang='lat' dir='ltr'><strong>p.</strong></span> <span class='ocrx_word' id='word_1_301' title='bbox 1938 2686 2047 2733; x_wconf 86' lang='grc'><strong>392</strong></span> <span class='ocrx_word' id='word_1_302' title='bbox 2077 2685 2190 2732; x_wconf 87' lang='lat' dir='ltr'><strong>adn.</strong></span> <span class='ocrx_word' id='word_1_303' title='bbox 2237 2679 2419 2749; x_wconf 90' lang='lat' dir='ltr'><strong>[quod]</strong></span> 
     </span>
     <span class='ocr_line' id='line_1_32' title="bbox 237 2764 1033 2826; baseline 0.001 -14"><span class='ocrx_word' id='word_1_304' title='bbox 237 2764 326 2812; x_wconf 91' lang='lat' dir='ltr'><strong>ubi</strong></span> <span class='ocrx_word' id='word_1_305' title='bbox 357 2764 484 2812; x_wconf 90' lang='lat' dir='ltr'><strong>Boot</strong></span> <span class='ocrx_word' id='word_1_306' title='bbox 514 2765 542 2812; x_wconf 77' lang='lat' dir='ltr'><strong>l.</strong></span> <span class='ocrx_word' id='word_1_307' title='bbox 574 2778 612 2812; x_wconf 96' lang='grc'><strong>3.</strong></span> <span class='ocrx_word' id='word_1_308' title='bbox 644 2779 680 2812; x_wconf 88' lang='lat' dir='ltr'><strong>s.</strong></span> <span class='ocrx_word' id='word_1_309' title='bbox 708 2780 760 2825; x_wconf 87' lang='lat' dir='ltr'><strong>p.</strong></span> <span class='ocrx_word' id='word_1_310' title='bbox 787 2767 910 2813; x_wconf 85' lang='lat'><strong>411.</strong></span> <span class='ocrx_word' id='word_1_311' title='bbox 1030 2823 1033 2826; x_wconf 21' lang='lat'><em>¹</em></span> 
     </span>
    </p>

    <p class='ocr_par' dir='ltr' id='par_1_13' title="bbox 241 2854 2422 2996">
     <span class='ocr_line' id='line_1_33' title="bbox 392 2854 2422 2915; baseline 0.001 -15"><span class='ocrx_word' id='word_1_312' title='bbox 392 2854 513 2915; x_wconf 87' lang='lat'>130,</span> <span class='ocrx_word' id='word_1_313' title='bbox 540 2854 624 2902; x_wconf 86' lang='lat'><strong>28.</strong></span> <span class='ocrx_word' id='word_1_314' title='bbox 675 2854 857 2902; x_wconf 77' lang='lat' dir='ltr'><strong>Errori</strong></span> <span class='ocrx_word' id='word_1_315' title='bbox 898 2855 1055 2914; x_wconf 90' lang='lat' dir='ltr'><strong>ipsius</strong></span> <span class='ocrx_word' id='word_1_316' title='bbox 1088 2855 1327 2903; x_wconf 90' lang='lat' dir='ltr'><strong>Varronis</strong></span> <span class='ocrx_word' id='word_1_317' title='bbox 1359 2856 1527 2914; x_wconf 89' lang='lat' dir='ltr'><strong>potius</strong></span> <span class='ocrx_word' id='word_1_318' title='bbox 1569 2868 1716 2913; x_wconf 76' lang='lat' dir='ltr'><strong>quarn</strong></span> <span class='ocrx_word' id='word_1_319' title='bbox 1758 2854 2074 2902; x_wconf 78' lang='lat' dir='ltr'><strong>librariorum</strong></span> <span class='ocrx_word' id='word_1_320' title='bbox 2115 2854 2422 2903; x_wconf 86' lang='lat' dir='ltr'><strong>Artemidori</strong></span> 
     </span>
     <span class='ocr_line' id='line_1_34' title="bbox 241 2934 2422 2996; baseline 0.001 -14"><span class='ocrx_word' id='word_1_321' title='bbox 241 2935 412 2983; x_wconf 89' lang='lat' dir='ltr'><strong>tribuit</strong></span> <span class='ocrx_word' id='word_1_322' title='bbox 440 2934 762 2983; x_wconf 84' lang='lat' dir='ltr'><strong>Reitzenstein</strong></span> <span class='ocrx_word' id='word_1_323' title='bbox 795 2950 849 2995; x_wconf 91' lang='lat' dir='ltr'><strong>p.</strong></span> <span class='ocrx_word' id='word_1_324' title='bbox 882 2938 957 2984; x_wconf 83' lang='grc'><strong>27</strong></span> <span class='ocrx_word' id='word_1_325' title='bbox 988 2936 1101 2984; x_wconf 90' lang='lat' dir='ltr'><strong>adn.</strong></span> <span class='ocrx_word' id='word_1_326' title='bbox 1138 2939 1184 2991; x_wconf 89' lang='lat'><strong>1,</strong></span> <span class='ocrx_word' id='word_1_327' title='bbox 1227 2937 1309 2983; x_wconf 78' lang='lat' dir='ltr'><strong>vix</strong></span> <span class='ocrx_word' id='word_1_328' title='bbox 1338 2939 1484 2984; x_wconf 87' lang='lat' dir='ltr'><strong>recte:</strong></span> <span class='ocrx_word' id='word_1_329' title='bbox 1525 2938 1584 2996; x_wconf 84' lang='lat' dir='ltr'><strong>cf.</strong></span> <span class='ocrx_word' id='word_1_330' title='bbox 1618 2950 1740 2995; x_wconf 77' lang='lat' dir='ltr'><strong>quae</strong></span> <span class='ocrx_word' id='word_1_331' title='bbox 1771 2936 1829 2983; x_wconf 86' lang='lat' dir='ltr'><strong>de</strong></span> <span class='ocrx_word' id='word_1_332' title='bbox 1871 2936 2090 2983; x_wconf 88' lang='lat' dir='ltr'><strong>librariis</strong></span> <span class='ocrx_word' id='word_1_333' title='bbox 2119 2936 2222 2994; x_wconf 85' lang='lat' dir='ltr'><strong>ipse</strong></span> <span class='ocrx_word' id='word_1_334' title='bbox 2261 2937 2422 2985; x_wconf 89' lang='lat' dir='ltr'><strong>Varro</strong></span> 
     </span>
    </p>
   </div>
   <div class='ocr_carea' id='block_1_5' title="bbox 240 3009 2423 3165">
    <p class='ocr_par' dir='ltr' id='par_1_14' title="bbox 240 3009 2423 3165">
     <span class='ocr_line' id='line_1_35' title="bbox 241 3009 2423 3082; baseline 0.001 -19"><span class='ocrx_word' id='word_1_335' title='bbox 241 3017 357 3064; x_wconf 86' lang='lat' dir='ltr'><strong>dicit</strong></span> <span class='ocrx_word' id='word_1_336' title='bbox 390 3017 510 3071; x_wconf 88' lang='grc'><strong>138,</strong></span> <span class='ocrx_word' id='word_1_337' title='bbox 539 3018 571 3064; x_wconf 93' lang='grc'><em>6</em></span> <span class='ocrx_word' id='word_1_338' title='bbox 615 3009 698 3082; x_wconf 87' lang='lat' dir='ltr'><strong>(de</strong></span> <span class='ocrx_word' id='word_1_339' title='bbox 741 3017 833 3064; x_wconf 83' lang='lat' dir='ltr'><strong>hoo</strong></span> <span class='ocrx_word' id='word_1_340' title='bbox 876 3032 1053 3080; x_wconf 87' lang='lat' dir='ltr'><strong>genere</strong></span> <span class='ocrx_word' id='word_1_341' title='bbox 1096 3017 1293 3078; x_wconf 81' lang='lat' dir='ltr'><strong>parcius</strong></span> <span class='ocrx_word' id='word_1_342' title='bbox 1324 3018 1487 3081; x_wconf 89' lang='lat' dir='ltr'><strong>tetigi,</strong></span> <span class='ocrx_word' id='word_1_343' title='bbox 1530 3016 1664 3078; x_wconf 91' lang='lat' dir='ltr'><strong>quod</strong></span> <span class='ocrx_word' id='word_1_344' title='bbox 1706 3016 1936 3064; x_wconf 85' lang='lat' dir='ltr'><strong>librarios</strong></span> <span class='ocrx_word' id='word_1_345' title='bbox 1978 3016 2101 3064; x_wconf 84' lang='lat' dir='ltr'><strong>haec</strong></span> <span class='ocrx_word' id='word_1_346' title='bbox 2144 3017 2423 3078; x_wconf 67' lang='lat' dir='ltr'><strong>spinosiora.</strong></span> 
     </span>
     <span class='ocr_line' id='line_1_36' title="bbox 240 3091 1080 3165; baseline 0.001 -20"><span class='ocrx_word' id='word_1_347' title='bbox 240 3097 584 3160; x_wconf 86' lang='lat' dir='ltr'><strong>indiligentius</strong></span> <span class='ocrx_word' id='word_1_348' title='bbox 616 3097 833 3146; x_wconf 86' lang='lat' dir='ltr'><strong>elaturos</strong></span> <span class='ocrx_word' id='word_1_349' title='bbox 864 3091 1080 3165; x_wconf 86' lang='lat' dir='ltr'><strong>putavi).</strong></span> 
     </span>
    </p>
   </div>
   <div class='ocr_carea' id='block_1_6' title="bbox 243 3185 2426 3832">
    <p class='ocr_par' dir='ltr' id='par_1_15' title="bbox 243 3185 2426 3410">
     <span class='ocr_line' id='line_1_37' title="bbox 320 3185 2426 3248; baseline 0.001 -15"><span class='ocrx_word' id='word_1_350' title='bbox 320 3201 322 3203; x_wconf 90' lang='lat'>·</span> <span class='ocrx_word' id='word_1_351' title='bbox 396 3186 516 3247; x_wconf 88' lang='grc'><strong>132,</strong></span> <span class='ocrx_word' id='word_1_352' title='bbox 545 3188 589 3233; x_wconf 97' lang='grc'><strong>1.</strong></span> <span class='ocrx_word' id='word_1_353' title='bbox 639 3185 848 3234; x_wconf 82' lang='lat' dir='ltr'><strong>Verbwm</strong></span> <span class='ocrx_word' id='word_1_354' title='bbox 872 3187 1070 3246; x_wconf 80' lang='lat' dir='ltr'><strong>aliquod</strong></span> <span class='ocrx_word' id='word_1_355' title='bbox 1091 3187 1221 3235; x_wconf 79' lang='lat' dir='ltr'><strong>velut</strong></span> <span class='ocrx_word' id='word_1_356' title='bbox 1249 3186 1426 3234; x_wconf 85' lang='lat' dir='ltr'><strong>reddat</strong></span> <span class='ocrx_word' id='word_1_357' title='bbox 1455 3187 1755 3235; x_wconf 80' lang='lat' dir='ltr'><strong>intercidisse</strong></span> <span class='ocrx_word' id='word_1_358' title='bbox 1783 3187 2038 3235; x_wconf 80' lang='lat' dir='ltr'><strong>videbatur</strong></span> <span class='ocrx_word' id='word_1_359' title='bbox 2066 3186 2341 3248; x_wconf 70' lang='lat' dir='ltr'><strong>Spenyelsio:</strong></span> <span class='ocrx_word' id='word_1_360' title='bbox 2371 3190 2426 3236; x_wconf 88' lang='lat' dir='ltr'><strong>at</strong></span> 
     </span>
     <span class='ocr_line' id='line_1_38' title="bbox 243 3267 2425 3328; baseline 0.001 -13"><span class='ocrx_word' id='word_1_361' title='bbox 243 3267 392 3315; x_wconf 87' lang='lat' dir='ltr'><strong>multo</strong></span> <span class='ocrx_word' id='word_1_362' title='bbox 439 3268 615 3315; x_wconf 89' lang='lat' dir='ltr'><strong>rectius</strong></span> <span class='ocrx_word' id='word_1_363' title='bbox 662 3268 712 3314; x_wconf 87' lang='lat' dir='ltr'><strong>et</strong></span> <span class='ocrx_word' id='word_1_364' title='bbox 759 3282 870 3315; x_wconf 88' lang='lat' dir='ltr'><strong>cum</strong></span> <span class='ocrx_word' id='word_1_365' title='bbox 918 3267 1103 3315; x_wconf 82' lang='lat' dir='ltr'><strong>efficiat</strong></span> <span class='ocrx_word' id='word_1_366' title='bbox 1149 3270 1338 3316; x_wconf 86' lang='lat' dir='ltr'><strong>traiecit</strong></span> <span class='ocrx_word' id='word_1_367' title='bbox 1365 3268 1494 3316; x_wconf 91' lang='lat' dir='ltr'><strong>Boot</strong></span> <span class='ocrx_word' id='word_1_368' title='bbox 1524 3269 1551 3315; x_wconf 92' lang='lat' dir='ltr'><strong>l.</strong></span> <span class='ocrx_word' id='word_1_369' title='bbox 1585 3283 1622 3315; x_wconf 91' lang='lat' dir='ltr'><strong>s.</strong></span> <span class='ocrx_word' id='word_1_370' title='bbox 1654 3283 1691 3319; x_wconf 88' lang='grc'><strong>3.</strong></span> <span class='ocrx_word' id='word_1_371' title='bbox 1715 3283 1769 3328; x_wconf 79' lang='lat' dir='ltr'><strong>p.</strong></span> <span class='ocrx_word' id='word_1_372' title='bbox 1803 3271 1927 3324; x_wconf 87' lang='grc'><strong>411,</strong></span> <span class='ocrx_word' id='word_1_373' title='bbox 1975 3283 2085 3317; x_wconf 85' lang='lat' dir='ltr'><strong>cum</strong></span> <span class='ocrx_word' id='word_1_374' title='bbox 2131 3267 2316 3317; x_wconf 85' lang='lat' dir='ltr'><strong>efficiat</strong></span> <span class='ocrx_word' id='word_1_375' title='bbox 2360 3282 2425 3317; x_wconf 84' lang='lat' dir='ltr'><strong>ne</strong></span> 
     </span>
     <span class='ocr_line' id='line_1_39' title="bbox 244 3348 1666 3410; baseline 0.001 -14"><span class='ocrx_word' id='word_1_376' title='bbox 244 3348 534 3396; x_wconf 84' lang='lat' dir='ltr'><strong>dwriuscula</strong></span> <span class='ocrx_word' id='word_1_377' title='bbox 564 3349 756 3409; x_wconf 76' lang='lat' dir='ltr'><strong>quidem</strong></span> <span class='ocrx_word' id='word_1_378' title='bbox 787 3351 1133 3398; x_wconf 88' lang='lat' dir='ltr'><strong>constructione</strong></span> <span class='ocrx_word' id='word_1_379' title='bbox 1164 3351 1237 3398; x_wconf 88' lang='lat' dir='ltr'><strong>bis</strong></span> <span class='ocrx_word' id='word_1_380' title='bbox 1266 3351 1475 3410; x_wconf 73' lang='lat' dir='ltr'><strong>intelleyi</strong></span> <span class='ocrx_word' id='word_1_381' title='bbox 1495 3352 1666 3410; x_wconf 88' lang='lat' dir='ltr'><strong>possit.</strong></span> 
     </span>
    </p>

    <p class='ocr_par' dir='ltr' id='par_1_16' title="bbox 399 3437 2390 3499">
     <span class='ocr_line' id='line_1_40' title="bbox 399 3437 2390 3499; baseline 0.001 -14"><span class='ocrx_word' id='word_1_382' title='bbox 399 3439 521 3498; x_wconf 89' lang='lat'>132,</span> <span class='ocrx_word' id='word_1_383' title='bbox 548 3439 594 3486; x_wconf 89' lang='lat'><strong>3.</strong></span> <span class='ocrx_word' id='word_1_384' title='bbox 637 3437 711 3497; x_wconf 81' lang='lat' dir='ltr'><strong>Of.</strong></span> <span class='ocrx_word' id='word_1_385' title='bbox 743 3437 1066 3487; x_wconf 85' lang='lat' dir='ltr'><strong>Reitzenstein</strong></span> <span class='ocrx_word' id='word_1_386' title='bbox 1087 3453 1141 3499; x_wconf 90' lang='lat' dir='ltr'><strong>p.</strong></span> <span class='ocrx_word' id='word_1_387' title='bbox 1179 3441 1248 3487; x_wconf 94' lang='grc'><strong>62</strong></span> <span class='ocrx_word' id='word_1_388' title='bbox 1279 3439 1392 3487; x_wconf 92' lang='lat' dir='ltr'><strong>adn.</strong></span> <span class='ocrx_word' id='word_1_389' title='bbox 1424 3440 1472 3487; x_wconf 90' lang='grc'><strong>2.</strong></span> <span class='ocrx_word' id='word_1_390' title='bbox 2387 3471 2390 3474; x_wconf 85' lang='lat'>-</span> 
     </span>
    </p>

    <p class='ocr_par' dir='ltr' id='par_1_17' title="bbox 244 3517 2426 3748">
     <span class='ocr_line' id='line_1_41' title="bbox 398 3517 2426 3583; baseline 0 -16"><span class='ocrx_word' id='word_1_391' title='bbox 398 3520 520 3583; x_wconf 87' lang='lat'>132,</span> <span class='ocrx_word' id='word_1_392' title='bbox 548 3520 614 3567; x_wconf 88' lang='lat'><strong>16</strong></span> <span class='ocrx_word' id='word_1_393' title='bbox 632 3533 730 3580; x_wconf 79' lang='lat' dir='ltr'><strong>sqq.</strong></span> <span class='ocrx_word' id='word_1_394' title='bbox 769 3518 1003 3568; x_wconf 81' lang='lat' dir='ltr'><strong>Similiter</strong></span> <span class='ocrx_word' id='word_1_395' title='bbox 1032 3523 1087 3568; x_wconf 91' lang='lat' dir='ltr'><strong>ut</strong></span> <span class='ocrx_word' id='word_1_396' title='bbox 1103 3517 1151 3582; x_wconf 51' lang='grc' dir='ltr'><strong>,ξ</strong></span> <span class='ocrx_word' id='word_1_397' title='bbox 1178 3522 1248 3568; x_wconf 91' lang='grc'><strong>12</strong></span> <span class='ocrx_word' id='word_1_398' title='bbox 1272 3519 1355 3580; x_wconf 82' lang='lat' dir='ltr'><strong>(cf.</strong></span> <span class='ocrx_word' id='word_1_399' title='bbox 1383 3521 1527 3568; x_wconf 86' lang='lat' dir='ltr'><strong>etiarn</strong></span> <span class='ocrx_word' id='word_1_400' title='bbox 1552 3519 1605 3567; x_wconf 92' lang='lat' dir='ltr'><strong>X</strong></span> <span class='ocrx_word' id='word_1_401' title='bbox 1628 3519 1683 3579; x_wconf 86' lang='lat'><strong>1)</strong></span> <span class='ocrx_word' id='word_1_402' title='bbox 1707 3523 1896 3568; x_wconf 85' lang='lat' dir='ltr'><strong>servato</strong></span> <span class='ocrx_word' id='word_1_403' title='bbox 1921 3519 2054 3582; x_wconf 90' lang='lat' dir='ltr'><strong>quod</strong></span> <span class='ocrx_word' id='word_1_404' title='bbox 2086 3523 2131 3568; x_wconf 88' lang='lat' dir='ltr'><strong>et</strong></span> <span class='ocrx_word' id='word_1_405' title='bbox 2158 3527 2426 3582; x_wconf 82' lang='lat' dir='ltr'><strong>sequamur</strong></span> 
     </span>
     <span class='ocr_line' id='line_1_42' title="bbox 244 3599 2424 3663; baseline 0 -15"><span class='ocrx_word' id='word_1_406' title='bbox 244 3601 315 3649; x_wconf 88' lang='lat' dir='ltr'><strong>sic</strong></span> <span class='ocrx_word' id='word_1_407' title='bbox 345 3601 639 3661; x_wconf 75' lang='lat' dir='ltr'><strong>distinyuere</strong></span> <span class='ocrx_word' id='word_1_408' title='bbox 659 3602 850 3661; x_wconf 85' lang='lat' dir='ltr'><strong>possis:</strong></span> <span class='ocrx_word' id='word_1_409' title='bbox 877 3602 932 3648; x_wconf 87' lang='lat' dir='ltr'><strong>in</strong></span> <span class='ocrx_word' id='word_1_410' title='bbox 964 3600 1200 3650; x_wconf 83' lang='lat' dir='ltr'><strong>aedificiis</strong></span> <span class='ocrx_word' id='word_1_411' title='bbox 1232 3601 1365 3663; x_wconf 91' lang='lat' dir='ltr'><strong>quod</strong></span> <span class='ocrx_word' id='word_1_412' title='bbox 1393 3617 1493 3650; x_wconf 90' lang='lat' dir='ltr'><strong>non</strong></span> <span class='ocrx_word' id='word_1_413' title='bbox 1523 3600 1747 3650; x_wconf 83' lang='lat' dir='ltr'><strong>videmus</strong></span> <span class='ocrx_word' id='word_1_414' title='bbox 1777 3627 1851 3635; x_wconf 90' lang='lat'>—</span> <span class='ocrx_word' id='word_1_415' title='bbox 1882 3601 2060 3663; x_wconf 90' lang='lat' dir='ltr'><strong>equile,</strong></span> <span class='ocrx_word' id='word_1_416' title='bbox 2092 3599 2226 3663; x_wconf 88' lang='lat' dir='ltr'><strong>quod</strong></span> <span class='ocrx_word' id='word_1_417' title='bbox 2255 3602 2424 3649; x_wconf 75' lang='lat' dir='ltr'><strong>tamen</strong></span> 
     </span>
     <span class='ocr_line' id='line_1_43' title="bbox 247 3675 1759 3748; baseline 0.001 -18"><span class='ocrx_word' id='word_1_418' title='bbox 247 3707 318 3715; x_wconf 90' lang='lat'>—</span> <span class='ocrx_word' id='word_1_419' title='bbox 351 3696 616 3744; x_wconf 83' lang='lat' dir='ltr'><strong>sequamur</strong></span> <span class='ocrx_word' id='word_1_420' title='bbox 647 3675 841 3748; x_wconf 77' lang='lat' dir='ltr'><strong>(itaque</strong></span> <span class='ocrx_word' id='word_1_421' title='bbox 871 3708 946 3716; x_wconf 94' lang='lat'><strong>-—</strong></span> <span class='ocrx_word' id='word_1_422' title='bbox 978 3675 1234 3748; x_wconf 82' lang='lat' dir='ltr'><strong>facimus):</strong></span> <span class='ocrx_word' id='word_1_423' title='bbox 1268 3697 1420 3745; x_wconf 80' lang='lat' dir='ltr'><strong>quare</strong></span> <span class='ocrx_word' id='word_1_424' title='bbox 1453 3697 1562 3731; x_wconf 84' lang='lat' dir='ltr'><strong>cum</strong></span> <span class='ocrx_word' id='word_1_425' title='bbox 1595 3697 1631 3731; x_wconf 91' lang='lat' dir='ltr'><strong>e.</strong></span> <span class='ocrx_word' id='word_1_426' title='bbox 1657 3697 1698 3744; x_wconf 83' lang='lat' dir='ltr'><strong>q.</strong></span> <span class='ocrx_word' id='word_1_427' title='bbox 1722 3697 1759 3731; x_wconf 92' lang='lat' dir='ltr'><strong>s.</strong></span> 
     </span>
    </p>

    <p class='ocr_par' dir='ltr' id='par_1_18' title="bbox 400 3769 1449 3832">
     <span class='ocr_line' id='line_1_44' title="bbox 400 3769 1449 3832; baseline 0.002 -14"><span class='ocrx_word' id='word_1_428' title='bbox 400 3771 520 3832; x_wconf 85' lang='lat'>133,</span> <span class='ocrx_word' id='word_1_429' title='bbox 547 3773 593 3818; x_wconf 91' lang='lat'><strong>1.</strong></span> <span class='ocrx_word' id='word_1_430' title='bbox 636 3769 710 3832; x_wconf 81' lang='lat' dir='ltr'><strong>Cf.</strong></span> <span class='ocrx_word' id='word_1_431' title='bbox 735 3770 1057 3820; x_wconf 75' lang='lat' dir='ltr'><strong>Reitzenstein</strong></span> <span class='ocrx_word' id='word_1_432' title='bbox 1076 3785 1131 3831; x_wconf 81' lang='lat' dir='ltr'><strong>p.</strong></span> <span class='ocrx_word' id='word_1_433' title='bbox 1161 3771 1229 3820; x_wconf 88' lang='grc'><strong>54</strong></span> <span class='ocrx_word' id='word_1_434' title='bbox 1261 3771 1376 3820; x_wconf 83' lang='lat' dir='ltr'><strong>adn.</strong></span> <span class='ocrx_word' id='word_1_435' title='bbox 1400 3772 1449 3820; x_wconf 90' lang='grc'><strong>2.</strong></span> 
     </span>
    </p>
   </div>
   <div class='ocr_carea' id='block_1_7' title="bbox 2477 0 2600 1331">
    <p class='ocr_par' dir='ltr' id='par_1_19' title="bbox 2477 0 2600 1331">
     <span class='ocr_line' id='line_1_45' title="bbox 2477 0 2600 1331; baseline 0 0"><span class='ocrx_word' id='word_1_436' title='bbox 2477 0 2600 1331; x_wconf 95' lang='lat' dir='ltr'><strong> </strong></span> 
     </span>
    </p>
   </div>
   <div class='ocr_carea' id='block_1_8' title="bbox 2515 2706 2600 4198">
    <p class='ocr_par' dir='ltr' id='par_1_20' title="bbox 2515 2706 2600 4198">
     <span class='ocr_line' id='line_1_46' title="bbox 2515 2706 2600 4198; baseline 0 0"><span class='ocrx_word' id='word_1_437' title='bbox 2515 2706 2600 4198; x_wconf 95' lang='lat' dir='ltr'><strong> </strong></span> 
     </span>
    </p>
   </div>
  </div>
 </body>
</html>
