2600 4198
94 1844 114 1877 5

70 2291 112 2322 10

69 2733 110 2767 15

478 892 603 982 M.
664 890 1249 981 TERENTI
1304 891 1990 982 VARRONIS

373 1066 896 1135 RELIQVORVM
942 1066 1047 1126 DE
1098 1065 1634 1125 GRAMMATIOA
1681 1068 2094 1128 LIBRORVM

982 1170 1489 1229 FRAGMENTA

655 1449 753 1502 DE
794 1448 1293 1512 ANTIQVITATE
1337 1448 1812 1502 LITTERARVM

1021 1551 1102 1594 AD
1137 1552 1183 1594 L.
1217 1550 1447 1595 ACCIVM

1209 1641 1261 1694 II

139 1730 213 1783 40
253 1728 385 1802 (103
419 1730 541 1801 [1]).
599 1730 796 1802 (Varro
838 1730 1014 1803 docet)
1063 1733 1251 1801 lingua
1292 1730 1680 1784 Chaldaeorum
1729 1733 2061 1800 singularum
2101 1733 2322 1787 nomina

407 1820 707 1873 litterarum
749 1821 816 1872 ad
848 1839 1029 1873 earum
1068 1821 1269 1873 formas
1310 1839 1424 1873 esse
1456 1821 1599 1873 facta
1640 1825 1691 1873 et
1732 1840 1796 1873 ex
1834 1821 1938 1875 hoc
1972 1826 2174 1875 certum
2206 1822 2321 1876 fieri

407 1927 496 1962 eos
535 1928 648 1962 esse
687 1910 891 1979 primos
925 1913 1167 1963 auctores
1199 1909 1517 1979 litterarum,
1558 1911 1667 1963 sive
1708 1911 1851 1979 quod
1891 1910 2154 1980 simplicia
2193 1911 2324 1964 haec

409 2002 462 2050 et
509 1999 723 2051 stabilia
771 2017 883 2052 esse
930 1998 1126 2051 debent
1174 1998 1326 2067 quasi
1373 1999 1782 2051 fundamentum
1831 2000 2002 2052 omnis
2049 2000 2322 2054 doctrinae

405 2088 682 2140 immobile
733 2089 842 2140 sive
890 2088 1034 2157 quod
1083 2106 1182 2141 nec
1229 2088 1384 2140 aliter
1433 2088 1575 2157 apud
1623 2088 1842 2141 Latinos
1897 2092 2146 2157 poterant
2193 2108 2322 2159 esse,

408 2195 529 2230 cum
570 2196 601 2229 a
641 2176 751 2229 suis
791 2177 1012 2231 vocibus
1054 2177 1263 2230 vocales
1303 2178 1663 2247 nominentur,
1712 2178 2057 2231 semivocales
2099 2197 2222 2232 vero
2265 2180 2321 2232 in

404 2284 459 2318 se
499 2266 764 2337 desinant,
813 2269 991 2319 mutae
1032 2286 1061 2318 a
1101 2285 1156 2319 se
1196 2267 1511 2335 incipientes
1552 2267 1722 2320 vocali
1762 2268 2137 2332 terminentur,
2186 2287 2318 2337 quas

407 2354 453 2407 si
492 2355 688 2424 flectaS‚
729 2356 1052 2425 significatio
1094 2374 1306 2426 quoque
1346 2357 1625 2409 nominum
1665 2375 1771 2408 una
1811 2358 2089 2409 evanescit.

135 2443 205 2496 41
250 2441 383 2515 (104
416 2442 538 2515 [2]).
595 2444 791 2514 (Varro
825 2442 1002 2515 docet)
1034 2446 1240 2497 litteras
1273 2444 1403 2498 XVI
1434 2445 1616 2514 fuisse,
1655 2448 1841 2515 postea
1876 2448 2057 2499 tamen
2089 2447 2317 2499 crevisse

360 2518 362 2520 .
406 2535 457 2586 et
503 2533 673 2586 factas
720 2552 833 2586 esse
873 2532 1055 2586 XXIII
1097 2576 1106 2587 .
1141 2576 1150 2586 .
1186 2577 1196 2586 .
1237 2535 1330 2602 qui
1368 2535 1515 2587 illam
1554 2534 1789 2586 litteram
1829 2534 1978 2603 fecit,
2032 2536 2124 2603 qui
2169 2536 2319 2589 illam

443 2665 488 2674 ..
530 2625 583 2674 et
623 2640 716 2674 cur
754 2625 837 2675 tot
877 2623 984 2675 sint
1016 2626 1069 2675 et
1101 2641 1263 2691 quare
1304 2641 1364 2675 eo
1400 2623 1582 2675 ordine
1621 2624 1827 2692 positae
1861 2627 1913 2676 et
1947 2642 2108 2692 quare
2147 2624 2316 2678 isdem

401 2711 709 2764 nominibus
749 2715 1021 2765 vocentur.

282 2906 310 2944 4
346 2902 447 2947 GL.
473 2902 536 2946 II
555 2906 595 2956 7,
611 2904 674 2946 27
706 2903 831 2958 (sunt
862 2901 1218 2946 indeclinabilia
1249 2904 1348 2946 tam
1380 2903 1507 2959 apud
1533 2902 1731 2946 Graecos
1765 2903 2100 2947 elementorum
2125 2903 2316 2947 nomina

133 2975 276 3017 quam
308 2961 433 3017 apud
466 2960 673 3016 Latinos,
717 2961 813 3005 sive
846 2962 972 3017 quod
1005 2975 1033 3005 a
1064 2961 1277 3005 barbaris
1321 2963 1510 3006 inventa
1542 2962 1773 3016 dicuntur,
1815 2963 1940 3018 quod
1973 2977 2072 3006 esse
2105 2963 2314 3007 ostendit

134 3020 280 3064 Varro
312 3019 362 3064 in
387 3021 589 3064 secundo
615 3020 672 3064 de
699 3020 982 3077 antiquitate
1007 3021 1271 3065 litterarum
1296 3021 1465 3065 docens
1498 3021 1663 3079 lingua
1688 3057 1697 3066 .
1726 3056 1735 3065 .
1763 3056 1772 3066 .
1799 3022 2049 3078 evanescit)
2074 3024 2087 3079 ΙΙ
2122 3028 2176 3066 12
2205 3024 2317 3068 Con-

133 3081 461 3124 taminavimus
484 3094 540 3125 ex
567 3079 666 3125 GL.
694 3080 737 3123 V
758 3084 858 3135 108,
878 3085 935 3124 10
960 3080 1122 3137 (Varro
1149 3082 1286 3124 docet
1308 3081 1359 3125 in
1383 3081 1490 3124 aliis
1515 3081 1648 3125 libris
1674 3095 1790 3137 quos
1817 3082 1876 3125 ad
1900 3082 2094 3125 Accium
2119 3082 2316 3140 [actium

134 3138 283 3197 codd]
316 3138 504 3195 scripsit
534 3138 717 3184 litteras
745 3174 753 3183 .
781 3174 791 3184 .
819 3174 828 3184 .
853 3140 1013 3184 XXIII.
1046 3142 1204 3184 tamen
1242 3141 1420 3198 primae
1455 3154 1575 3197 quae
1614 3141 1833 3185 inventae
1866 3143 1975 3184 sunt
2014 3141 2205 3186 fuerunt
2235 3141 2313 3197 XI,

133 3199 299 3254 postea
329 3212 448 3254 quae
487 3198 703 3243 inventae
737 3201 845 3243 sunt
887 3199 1078 3244 fuerunt
1108 3199 1235 3254 XVI3
1279 3202 1444 3256 postea
1477 3202 1635 3244 autem
1666 3200 1817 3244 XXIII
1847 3200 1999 3244 factae
2033 3203 2154 3245 sunt.
2217 3201 2318 3245 illic

133 3259 537 3313 commemoratur,
567 3258 650 3313 qui
676 3292 684 3302 .
713 3292 722 3301 .
749 3292 758 3302 .
783 3258 932 3316 illam)
958 3265 999 3304 et
1015 3263 1092 3313 98,
1107 3263 1170 3304 20
1194 3259 1397 3316 (litterae
1425 3260 1552 3316 apud
1574 3259 1772 3303 maiores
1797 3262 1978 3303 nostros
2003 3273 2096 3303 non
2128 3260 2317 3304 fuerunt

133 3315 296 3371 XXIII,
329 3316 410 3360 sed
441 3316 560 3361 XVI.
592 3319 758 3373 postea
789 3318 978 3361 additae
1012 3320 1121 3362 sunt
1152 3318 1273 3364 aliae
1300 3353 1308 3362 .
1337 3354 1346 3363 .
1374 3355 1383 3363 .
1408 3319 1634 3363 habemus
1665 3320 1754 3363 hoc
1786 3319 1835 3363 in
1868 3319 1999 3363 libris
2033 3319 2093 3362 ad
2118 3319 2313 3363 Accium

134 3375 327 3434 [attium
350 3375 424 3420 vel
456 3375 632 3420 actium
664 3378 811 3435 codd]
845 3378 972 3434 apud
996 3377 1252 3422 Varronem
1284 3380 1331 3422 et
1363 3393 1444 3422 cur
1469 3414 1478 3423 .
1506 3414 1514 3422 .
1544 3413 1552 3422 .
1579 3380 1842 3435 vocentur);
1875 3380 1931 3433 cf.
1961 3378 2062 3423 GL.
2089 3380 2154 3423 II
2171 3383 2241 3433 11,
2260 3384 2313 3433 1;

143 3436 218 3480 VI
235 3439 306 3490 11,
325 3438 363 3479 5.
397 3438 472 3490 23,
491 3439 560 3479 14.
594 3439 696 3490 194,
715 3440 773 3480 10
782 3454 800 3491 ;
838 3437 943 3481 VII
966 3440 1070 3492 325,
1090 3442 1141 3492 1;
1173 3439 1297 3482 Ptin.
1326 3438 1431 3482 VII
1447 3441 1563 3492 192;
1601 3439 1704 3483 Tac.
1732 3453 1842 3482 ann.
1869 3439 1948 3482 XI
1965 3441 2047 3492 14,·
2077 3451 2171 3483 non
2200 3444 2315 3483 recte

132 3494 220 3540 hue
248 3496 424 3539 rettulit
458 3495 564 3540 Keil
595 3497 648 3539 in
679 3496 786 3540 αᾱκη.
821 3497 856 3540 I
860 3497 904 3541 V
928 3499 1032 3551 519,
1051 3501 1129 3541 11:
1161 3512 1199 3542 v.
1233 3498 1320 3555 fry.
1356 3500 1414 3542 67

283 3677 307 3716 1
341 3686 412 3717 om
443 3673 635 3718 Hieron.
668 3673 765 3717 ind.
798 3675 811 3730 Η
844 3678 870 3717 4
885 3687 976 3730 sqq.
1008 3675 1198 3719 initium
1227 3674 1475 3731 fraymenti
1506 3675 1662 3731 (usque
1693 3673 1755 3716 ad
1786 3674 1997 3716 auctores
2031 3672 2311 3730 litterarum)

132 3744 230 3775 wna
270 3743 374 3776 cwm
413 3732 558 3777 verbis
600 3732 920 3778 inducentibus
962 3733 1104 3790 (quod
1148 3747 1248 3779 esse
1280 3732 1487 3777 ostendit
1517 3747 1551 3778 e.
1577 3748 1615 3789 q.
1641 3734 1694 3787 s.)
1730 3732 1878 3788 pauci
1919 3732 2028 3777 libri
2068 3738 2312 3778 servarunt

134 3791 282 3845 (unus
307 3790 413 3848 [om.
446 3805 545 3835 esse
578 3797 620 3837 et
649 3791 819 3835 docens
850 3791 880 3836 1.
915 3790 994 3837 Ch.
1029 3807 1062 3836 s.
1095 3808 1140 3837 n.
1173 3792 1224 3850 1.]
1256 3794 1308 3837 in
1339 3806 1507 3850 maa-9„
1539 3793 1654 3837 alter
1684 3792 1735 3836 in
1766 3789 1997 3840 schedula)
