2600 4198
0 0 90 297 r
1043 190 1424 236 FRAGMENTA
2212 193 2321 246 203

413 327 620 379 aurium
670 329 849 379 censet
895 344 1157 379 summam
1198 346 1311 380 esse
1350 328 1684 381 tribuendam
1724 370 1735 382 .
1771 372 1779 380 .
1814 372 1823 381 .
1865 333 1918 381 et
1958 330 2081 399 quia
2121 328 2322 384 Graeca

410 415 628 467 nomina
665 432 775 467 non
815 414 1010 467 debent
1048 414 1254 468 Latinis
1294 417 1566 486 (regulis)
1604 417 1828 487 alligari.

830 696 928 749 DE
973 695 1320 750 SERMONE
1361 696 1632 751 LATINO

981 798 1064 841 AD
1098 798 1476 842 MARCELLVM

94 892 115 926 ε
1067 887 1228 931 LIBRI
1257 887 1298 931 V
1332 889 1384 944 (52)

1214 993 1239 1046 1

137 1095 209 1147 54
249 1094 343 1166 (48
378 1094 539 1167 [33]).
605 1095 863 1150 ‘Oretum'
914 1096 1098 1151 Cicero
1147 1097 1568 1151 Tusculanarum
1613 1099 1752 1151 libro
1800 1097 1852 1151 ΙΙ
1903 1099 2023 1167 (34)
2080 1098 2317 1153 ‘Cretum

403 1183 578 1256 legis',
619 1184 939 1239 ‘Cretenses'
982 1186 1189 1238 Ennius
1231 1187 1379 1255 (min.
1405 1191 1509 1240 604
1537 1185 1656 1256 ΥΞ).

1202 1349 1253 1402 ΙΙ

68 1479 110 1510 10
136 1451 206 1505 55
248 1451 344 1523 (54
379 1451 536 1523 [35]).
601 1471 735 1522 quae
784 1452 969 1506 Graeci
1017 1454 1201 1506 dieunt
1249 1454 1575 1524 aenigmata,
1622 1454 1724 1507 hoe
1772 1473 1939 1525 genus
1988 1456 2203 1523 quidam
2252 1475 2316 1508 ex

403 1542 602 1595 nostris
642 1542 911 1594 veteribus
952 1544 1156 1611 scirpos
1196 1546 1613 1612 appellaverunt.
1678 1543 1832 1612 quale
1872 1547 1951 1596 est
1994 1587 2003 1596 .
2039 1586 2049 1596 .
2084 1587 2093 1596 .
2130 1566 2165 1597 .:
2219 1546 2315 1598 ‘se-

402 1631 507 1684 mel
552 1631 799 1684 minusne
847 1651 915 1684 an
961 1632 1043 1684 bis
1090 1633 1268 1684 minus
1318 1633 1408 1701 sit,
1459 1651 1568 1684 non
1609 1636 1690 1685 sat
1729 1633 1862 1700 scio,
1913 1652 1980 1684 an
2028 1637 2315 1702 utrumque

401 1737 604 1773 eorum:
650 1724 711 1772 ut
759 1721 1028 1789 quondam
1076 1721 1255 1773 audivi
1296 1722 1481 1790 dicier,
1528 1722 1631 1790 ipsi
1671 1721 1786 1774 Iovi
1825 1723 1940 1792 regi
1979 1723 2154 1775 noluit
2194 1742 2316 1776 con-

404 1808 607 1862 cedere'
648 1808 990 1880 (Terminus).

64 1921 106 1954 15
132 1895 202 1948 56
244 1896 340 1967 (53
376 1895 535 1968 [34]).
603 1898 932 1950 aeditumum
989 1899 1093 1952 dici
1141 1903 1387 1968 oportere
1436 1903 1614 1952 censet
1662 1898 1880 1971 (Varro)
1933 1902 2102 1970 magis
2152 1919 2311 1969 quam

405 1987 690 2056 aedituum,
734 1988 878 2055 quod
918 1987 1146 2040 alterum
1195 1989 1263 2040 sit
1309 1989 1509 2041 recenti
1555 1989 1794 2041 novitate
1839 1990 2040 2059 fiotum,
2089 1990 2312 2042 alterum

397 2076 618 2145 antiqua
658 2076 863 2147 origine
903 2077 1287 2147 incorruptum.

280 2301 302 2339 7
340 2296 440 2340 GL.
475 2298 511 2340 I
536 2300 637 2351 124,
657 2301 715 2341 12
748 2296 952 2353 (Cretum
986 2332 994 2341 .
1023 2333 1031 2341 .
1060 2332 1068 2341 .
1103 2297 1303 2353 Ennius,
1335 2300 1389 2341 ut
1418 2298 1564 2342 Varro
1607 2298 1725 2341 libro
1758 2299 1778 2341 Ι
1811 2299 1867 2342 de
1901 2313 2111 2343 sermone
2143 2300 2310 2344 Latino

127 2354 315 2399 scribit:
359 2357 441 2400 ubi
485 2357 555 2400 nil
600 2358 695 2401 nisi
735 2356 974 2400 Cretenses
1014 2357 1192 2400 Ennius
1231 2359 1337 2401 huic
1376 2359 1491 2403 libro
1530 2360 1788 2402 tribuerunt
1829 2359 1977 2403 Wilm.
2012 2365 2052 2403 et
2084 2360 2314 2404 Funaioli

126 2429 162 2459 c.
189 2416 273 2459 ab:
304 2429 342 2459 v.
377 2416 530 2472 adri.);
576 2417 632 2470 cf.
659 2416 780 2460 Serv.
814 2419 865 2460 iii
891 2417 1005 2460 Aen.
1031 2418 1113 2461 IV
1133 2420 1191 2460 70
1225 2417 1415 2473 (Graece
1449 2417 1576 2473 Κρής
1621 2417 1737 2461 facit
1771 2452 1779 2461 .
1807 2453 1815 2461 .
1845 2453 1853 2461 .
1880 2418 2044 2461 Latine
2080 2418 2309 2462 Cretensis

127 2473 260 2531 facit)
293 2476 306 2531 ΙΙ
340 2480 394 2519 10
431 2475 544 2519 Gen.
579 2475 694 2519 XII
719 2479 748 2520 6
780 2477 915 2532 (quae
942 2509 951 2518 .
979 2511 988 2519 .
1017 2511 1025 2519 .
1053 2477 1136 2531 est,
1170 2477 1295 2531 quod
1326 2490 1475 2533 nuper
1505 2477 1766 2520 invenimus
1799 2492 1882 2532 per
1913 2477 2066 2521 hercle
2101 2478 2307 2521 anticum

126 2547 353 2590 perquam
388 2533 597 2590 lepidum
628 2534 777 2577 tribus
809 2534 1016 2578 versibus
1050 2536 1318 2593 sena[to]ris
1354 2536 1665 2592 compositum
1698 2537 1929 2593 aenigma,
1963 2538 2087 2592 quod
2119 2537 2309 2593 reliqui-

126 2607 229 2636 mus
254 2592 586 2649 inenarratum‚
618 2595 670 2636 ut
701 2593 959 2651 legentium
984 2595 1273 2638 coniecturas
1306 2595 1356 2638 in
1387 2596 1665 2651 requirendo
1691 2610 1974 2639 aeueremus.
2023 2612 2181 2639 versus
2215 2600 2308 2640 tres

126 2651 177 2695 hi
209 2654 318 2695 sunt
352 2652 514 2696 ‘semel
538 2687 547 2696 .
575 2686 585 2696 .
613 2687 621 2696 .
649 2653 936 2697 concedere’.
968 2654 1056 2698 hoe
1089 2654 1169 2709 qui
1202 2655 1330 2698 nolet
1355 2655 1536 2698 diutino
1564 2657 1680 2711 aput
1712 2669 1810 2698 sese
1836 2669 2070 2710 quaerere,
2104 2656 2311 2699 inveniet

126 2711 243 2767 quid
275 2711 337 2754 sit
367 2712 416 2754 in
441 2712 502 2756 M.
519 2712 739 2756 Varronis
772 2712 828 2755 de
861 2727 1069 2756 sermone
1096 2713 1263 2757 Latino
1298 2715 1357 2757 ad
1390 2714 1663 2758 Marcellum
1695 2714 1813 2757 libro
1840 2715 2087 2771 seeundo);
2118 2716 2174 2770 cf.
2197 2715 2308 2760 Cato

126 2784 190 2815 or.
223 2772 311 2828 frq.
343 2775 404 2815 24
421 2773 475 2815 P.
487 2789 503 2826 ;
534 2773 637 2816 Liv.
672 2774 707 2816 I
731 2776 812 2826 55;
849 2772 976 2817 Ovid.
1003 2774 1132 2817 Fast.
1160 2775 1225 2817 II
1250 2778 1341 2817 669
1351 2791 1368 2828 ‚·
1400 2774 1529 2818 Lact.
1563 2775 1668 2818 inst.
1703 2776 1738 2818 I
1761 2778 1935 2828 20‚38‚·
1968 2774 2087 2818 Serv.
2113 2777 2166 2818 iri
2191 2776 2306 2819 Aen.

127 2831 209 2875 IX
238 2834 350 2885 446;
383 2832 631 2887 Auyustiii.
666 2832 719 2875 de
761 2834 842 2876 civ.
877 2833 920 2875 d.
954 2832 1037 2876 IV
1060 2836 1134 2887 23,
1160 2835 1219 2877 al.
1261 2834 1273 2889 Η
1324 2838 1377 2876 15
1414 2833 1526 2878 Gen.
1562 2835 1677 2877 XII
1702 2838 1760 2877 10
1803 2833 2072 2890 (aeditimus
2116 2834 2307 2878 verbum

126 2889 347 2933 Latinum
380 2892 451 2933 est
482 2892 530 2934 et
560 2892 691 2934 vetus
725 2904 780 2934 ea
810 2891 960 2935 forma
994 2891 1173 2935 dictum
1205 2906 1299 2947 qua,
1330 2892 1555 2935 finitimus
1589 2895 1635 2936 et
1666 2892 1927 2950 legitimus:
1962 2894 2043 2936 sed
2075 2907 2158 2949 pro
2193 2907 2244 2937 eo
2279 2907 2307 2937 a

125 2948 361 3005 plerisque
393 2963 515 2993 nunc
549 2950 763 2994 aedituus
790 2950 962 2994 dicitur
992 2964 1112 2994 nova
1144 2953 1191 2994 et
1215 2951 1540 2995 commenticia
1563 2952 1866 3008 usurpatione
1893 2953 2027 3007 quasi
2060 2967 2087 2996 a
2119 2953 2307 2996 tuendis

127 3007 322 3052 aedibus
367 3008 633 3065 appellatus
660 3043 669 3053 .
697 3044 706 3053 .
734 3044 743 3052 .
770 3010 830 3054 M.
849 3010 995 3053 Varro
1039 3010 1088 3053 in
1130 3010 1250 3054 libro
1292 3011 1495 3055 seeundo
1529 3011 1588 3054 ad
1621 3011 1892 3055 Marcellum
1925 3013 1981 3055 de
2014 3012 2180 3056 Latino
2215 3025 2307 3056 ser·

125 3080 260 3111 mone
293 3068 583 3112 aeditumum
609 3103 618 3113 .
646 3103 655 3113 .
684 3103 693 3112 .
718 3069 1083 3127 incorruptum);
1121 3071 1177 3125 cf.
1209 3085 1253 3126 p.
1288 3075 1407 3125 96,4
1437 3072 1587 3127 ibique
1620 3072 1869 3126 adnotata;
1903 3072 1992 3116 Cic.
2026 3077 2114 3128 top.
2149 3075 2209 3116 36
2241 3072 2307 3128 (in

126 3139 218 3181 quo
259 3127 373 3185 [scil.
406 3128 716 3186 postliminio]
751 3129 934 3172 Servius
965 3132 1125 3173 noster
1154 3131 1208 3173 ut
1239 3130 1405 3187 opinor
1435 3130 1556 3173 nihil
1597 3131 1736 3186 putat
1767 3144 1867 3174 esse
1898 3132 2170 3184 notandum,
2215 3131 2307 3174 nisi

129 3185 290 3241 ‘post't
325 3188 372 3232 et
406 3186 677 3230 ‘liminium'
710 3187 829 3231 illud
860 3189 1216 3245 productionem
1248 3202 1347 3233 esse
1372 3189 1502 3233 verbi
1527 3190 1637 3244 volt,
1668 3193 1722 3234 ut
1752 3190 1800 3233 in
1834 3190 2045 3234 finitumo
2078 3190 2304 3248 legitumo

127 3244 364 3289 aeditumo
397 3248 444 3290 et
474 3260 565 3290 non
597 3246 703 3303 plus
734 3247 885 3291 inesse
921 3248 1137 3292 ‘tumum'
1174 3264 1316 3305 quam
1347 3249 1398 3292 in
1431 3249 1693 3294 meditullio
1729 3249 1974 3306 ‘tullium')

275 3457 300 3495 2
339 3454 488 3509 suppl.
522 3453 770 3499 Fabricius
806 3456 820 3512 ΙΙ
871 3459 1003 3511 3sqq.
1039 3455 1096 3498 de
1137 3469 1346 3500 sermone
1385 3456 1532 3500 latino
1565 3457 1607 3501 V
1638 3458 1735 3502 ind.
1762 3457 1892 3502 Hier.
1935 3460 2106 3513 (aperte
2145 3471 2305 3502 erraris

123 3512 177 3556 iri
207 3513 536 3568 antiquitatum
566 3514 740 3568 libris).·
771 3527 899 3570 quem
928 3516 1069 3559 secuti
1100 3515 1299 3571 septimo
1332 3516 1400 3561 vel
1422 3515 1508 3559 VH
1539 3518 1667 3572 apud
1690 3517 1916 3571 Rufinum
1947 3518 2016 3561 bis
2047 3522 2130 3561 aut
2160 3519 2307 3562 errori

124 3575 210 3616 aut
245 3571 405 3616 mendo
435 3571 538 3628 (UH
569 3586 625 3616 ex
653 3572 754 3629 1111)
794 3574 1053 3619 tribuerwnt
1090 3587 1192 3618 cum
1227 3575 1396 3620 Iahnio
1430 3575 1604 3630 Wilm„
1636 3577 1885 3629 Fwnaioli,
1927 3576 2013 3629 al.;
2052 3581 2101 3620 at
2138 3578 2304 3621 rectius

125 3629 400 3675 Bitschelius
433 3631 610 3687 duplici
650 3633 901 3678 testimonio
930 3632 1075 3688 'fidem
1116 3634 1326 3679 habuisse
1355 3634 1557 3679 videtur.-
1598 3649 1653 3678 ex
1684 3648 1771 3691 quo
1803 3640 1957 3679 utrum
1991 3635 2094 3679 VII
2127 3636 2304 3690 fuerint

122 3689 308 3734 omnino
339 3690 407 3734 vel
437 3691 548 3736 adeo
580 3691 740 3747 plures
770 3693 993 3736 ‘nescimus
1030 3694 1044 3750 ΙΙ
1086 3697 1139 3736 12
1173 3706 1266 3736 non
1298 3692 1361 3736 sit
1393 3694 1467 3736 sat
1497 3695 1580 3748 (vel
1613 3694 1731 3750 sed):
1773 3695 1868 3738 irai
1897 3694 1963 3738 ed.
1996 3699 2077 3738 vet.
2120 3694 2200 3751 (sit
2231 3694 2302 3739 del

122 3746 252 3803 Scal,
283 3747 346 3792 sit
374 3748 532 3793 nescio
563 3763 665 3795 corr
679 3750 982 3809 Freinsheim)
1017 3753 1024 3808 Ι
1060 3753 1109 3796 at
1139 3753 1387 3808 utrumque
1421 3753 1565 3797 Hertz
1605 3754 1620 3809 ΙΙ
1669 3757 1722 3796 13
1755 3752 1848 3809 ipsi
1881 3752 2027 3795 dicier
2056 3753 2174 3797 iouis
2208 3754 2303 3798 trai

124 3807 372 3853 Buecheler
402 3808 514 3854 ἄασε
543 3807 650 3854 Scal
680 3809 742 3867 (d.
775 3809 809 3854 Ι.
842 3809 890 3867 i.)
