2600 4198
225 150 334 203 294
1073 147 1545 193 ADNOTAnoNEs

225 303 336 346 esse,
359 304 458 337 non
483 292 550 336 est
578 303 665 337 cwr
687 288 741 336 in
765 289 940 336 ceteris
964 288 1289 347 corriyamus:
1320 287 1534 336 Varroni
1555 288 1722 351 placet
1745 288 1804 337 de
1829 289 2004 338 ceteris
2029 282 2153 357 (scil.
2179 284 2396 358 casibus)

223 371 294 419 sic
326 370 488 418 efferri
519 363 641 436 (scil.
668 361 781 435 eos)
814 371 873 416 ut
903 369 1227 417 nominativo,

374 459 492 519 199,
521 461 547 506 1
568 472 665 518 sqq.
710 456 834 506 Cum
869 456 1145 504 Wilmanns
1168 458 1455 518 fraqmentis
1479 458 1537 506 de
1559 458 1730 519 linqua
1752 458 1910 508 latina
1932 460 2234 509 subiunxerit
2263 463 2398 523 fray-

219 543 381 588 menta
412 541 469 588 de
498 553 715 587 sermone
755 538 906 586 latino
939 541 983 585 et
1022 538 1081 585 de
1117 540 1454 598 yrammatica,
1498 539 1670 587 deinde
1710 541 1986 600 fraqmenta
2017 542 2076 589 de
2114 543 2398 603 antiquitate

219 620 491 668 litterarum
522 635 631 668 cum
661 621 840 675 ceteriS,
870 619 1008 667 nobis
1039 619 1198 666 visum
1229 622 1297 667 est
1328 621 1493 679 primo
1526 620 1624 667 loco
1656 621 1886 669 collocare
1917 622 2309 683 antiquissimum
2340 623 2398 672 de

218 702 503 762 antiquitate
534 701 806 748 litterarum
836 714 971 760 opus,
1013 701 1181 748 ultimo
1210 702 1532 749 novissimum
1563 701 1621 748 de
1648 704 1983 761 qrammatica,
2024 705 2396 764 interposuimus

216 783 440 843 reliquo&
473 797 529 831 ex
552 783 726 841 quibus
757 782 904 829 libros
927 782 985 829 de
1009 782 1193 843 oriyine
1223 782 1420 842 linquae
1451 783 1634 830 latinae
1657 783 1793 830 libris
1817 783 1875 846 de
1898 783 2067 845 linqua
2090 784 2246 834 latina
2271 782 2401 834 antiss

217 866 422 924 quiores,
454 864 603 912 libros
633 863 692 911 de
722 877 937 911 sermone
967 863 1118 911 latino
1140 865 1432 924 posteriores
1465 878 1563 912 esse
1585 867 1822 924 putamus
1855 891 1924 897 —
1955 881 2074 914 nam
2105 871 2237 916 errat
2264 867 2397 916 Beck

216 946 272 992 in
300 946 464 1006 praef.
498 946 564 994 ad
594 945 751 993 Plin..·
789 959 831 992 v.
866 944 932 992 ad
963 946 1087 1000 203,
1105 947 1138 992 7
1148 958 1216 1005 sq.
1249 971 1323 978 —
1353 959 1463 993 cum
1493 946 1552 994 de
1582 946 1781 1006 reliquis
1811 947 1884 994 nil
1915 950 2101 996 constet.
2162 948 2397 998 Similiter

214 1041 372 1086 nuper
401 1027 668 1084 Funaioli‚·
697 1026 755 1085 cf.
792 1024 936 1074 Goetz
970 1022 1094 1073 ‘Zur
1131 1025 1441 1086 Wurdiyunq
1472 1027 1557 1074 der
1583 1042 1788 1088 yramm.
1817 1025 2047 1076 Arbeiten
2084 1027 2285 1079 Varros’
2319 1030 2395 1090 (in

215 1108 457 1156 volumine
481 1098 801 1170 gratulatorio
834 1107 1104 1155 litterarum
1135 1108 1372 1155 societatis
1401 1107 1672 1156 Saxonicae
1700 1110 2007 1158 universitati
2036 1111 2286 1172 Lipsiensi
2317 1112 2394 1160 de-

215 1188 396 1250 dicato)
420 1205 472 1250 p.
499 1189 585 1237 25.

368 1279 487 1339 199,
514 1279 647 1324 4-1
666 1278 709 1325 5.
762 1277 839 1324 Dc
869 1278 944 1324 his
978 1276 1216 1325 Varronis
1251 1276 1391 1325 libris
1422 1279 1594 1338 optime
1626 1280 1739 1338 post
1772 1278 2154 1327 Wilmannsium
2185 1282 2399 1340 disputat

214 1359 371 1406 Maroe
394 1361 448 1407 in
472 1361 713 1406 comment.
733 1358 891 1406 Lucil.
916 1373 971 1418 p.
1000 1359 1308 1413 141-144,
1335 1359 1561 1418 refutans
1587 1361 1729 1407 etiam
1752 1361 1931 1407 miram
1958 1360 2190 1409 Guilelmi
2203 1361 2401 1412 Schulze

214 1440 560 1487 dubitationem
591 1441 644 1487 in
677 1441 795 1488 actis
828 1440 965 1488 acad.
991 1439 1155 1487 Berol.
1190 1454 1233 1487 a.
1271 1440 1414 1488 1904
1436 1455 1489 1500 p.
1520 1442 1627 1488 760
1643 1456 1740 1501 sqq.

362 1530 483 1590 200,
512 1532 556 1576 1.
608 1528 742 1589 Quae
774 1529 831 1576 de
871 1528 1057 1593 tabula·
1084 1531 1286 1576 testatur
1321 1529 1477 1577 Varro
1511 1530 1646 1589 apud
1676 1529 1922 1587 Servium,
1955 1534 2054 1579 tam
2096 1536 2200 1580 arte
2233 1534 2399 1581 cohae-

212 1614 320 1658 rent
350 1626 459 1659 cum
489 1610 646 1659 verbis
678 1611 922 1658 adiunctis
954 1611 1011 1658 de
1055 1610 1327 1658 litterarum
1356 1611 1643 1667 inventione,
1676 1615 1729 1659 ut
1770 1615 2040 1661 necessario
2070 1614 2187 1662 haec
2216 1628 2399 1676 quoque

211 1693 490 1752 referantur
521 1692 587 1740 ad
620 1692 901 1748 Varronem,
924 1693 1216 1751 praesertim
1247 1706 1356 1739 cum
1387 1707 1494 1740 eum
1524 1694 1579 1740 in
1608 1693 1693 1739 hoc
1723 1693 1844 1740 libro
1877 1694 1935 1741 de
1959 1694 2220 1743 Palamede
2251 1697 2397 1745 verba

209 1774 380 1833 fecisse
411 1789 509 1821 non
540 1774 678 1821 modo
702 1787 797 1833 per
827 1787 877 1821 se
898 1777 1083 1833 pateat,
1115 1787 1284 1820 verum
1317 1775 1461 1822 etiam
1493 1775 1608 1822 aliis
1638 1776 1935 1832 testimoniis,
1965 1776 2050 1824 sed
2083 1781 2284 1837 propter
2313 1792 2397 1826 no-

210 1857 359 1903 minis
391 1856 624 1915 defectum
657 1855 835 1914 procul
875 1855 1109 1903 habendis
1140 1855 1386 1914 probetur.
1450 1855 1584 1903 Vnde
1615 1858 1758 1904 etiam
1790 1857 2048 1905 Plutarchi
2078 1860 2398 1907 testimonium

210 1937 269 1984 de
290 1936 371 1997 Sp.
409 1935 624 1985 Carvilio
652 1936 697 1985 G
729 1938 915 1985 litterae
945 1939 1191 1985 inventore
1223 1936 1439 1998 (Quaest.
1465 1937 1604 1985 Rom.
1635 1938 1716 1986 54.
1747 1938 1854 1999 59),
1886 1939 2013 1999 quod
2033 1942 2149 2000 post
2177 1941 2301 1988 alios
2331 1942 2397 1989 ad

221 2019 489 2067 Varronem
521 2020 760 2080 librosque
791 2019 849 2066 de
880 2021 1064 2080 antiqu.
1097 2019 1182 2066 litt.
1216 2021 1337 2067 recte
1367 2021 1608 2067 revocavit
1637 2020 1793 2068 Maroe
1824 2021 1854 2068 l.
1886 2036 1923 2069 s.
1956 2036 2017 2077 s.,
2049 2024 2312 2071 omisimus.

361 2109 482 2169 200,
512 2109 557 2155 5.
599 2106 822 2156 Alterum
847 2110 1035 2155 tantum
1058 2109 1381 2155 testimonium
1406 2107 1541 2167 (GL.
1567 2108 1639 2155 II
1659 2110 1743 2165 13,
1762 2109 1817 2169 8)
1845 2110 2061 2158 exhibere
2081 2114 2243 2171 potuit
2270 2112 2392 2160 Wil-

208 2203 386 2236 manns
411 2204 467 2236 ex
488 2191 599 2249 ipsa
621 2191 809 2237 ratione
839 2190 987 2249 fontis
1016 2190 1092 2237 his
1123 2190 1262 2237 libris
1284 2190 1555 2246 vindicans,
1578 2191 1706 2251 quod
1728 2193 1946 2251 repetivit
1968 2193 2207 2241 Funaioli
2232 2192 2387 2253 (240)

209 2271 525 2331 adiunoeitque
557 2285 613 2318 ex
643 2271 791 2318 altero
825 2270 981 2330 (241)
1004 2273 1195 2330 primos
1226 2274 1413 2319 tantum
1445 2285 1613 2319 versus
1645 2266 1741 2337 (——
1766 2274 1934 2320 mutae
1968 2267 2107 2340 sunt)
2140 2288 2239 2322 non
2271 2289 2391 2322 com-

207 2355 473 2399 memorata
496 2353 647 2400 Keilii
678 2352 985 2400 adnotatione
1010 2353 1076 2399 ad
1100 2352 1286 2400 eosdem
1309 2366 1565 2400 revocans:
1597 2355 1682 2401 etsi
1712 2357 1957 2413 sequentia
1989 2369 2171 2416 quoque
2203 2371 2259 2404 ea·
2287 2358 2393 2417 ipso

207 2434 458 2495 utriusque
488 2435 744 2481 testimonii
775 2448 1008 2481 consensu
1040 2434 1106 2481 ad
1141 2434 1408 2482 Varronem
1440 2435 1615 2495 hosque
1646 2435 1793 2483 libros
1824 2438 2121 2484 revocanda:
2152 2438 2209 2497 cf.
2237 2438 2392 2486 Marx

207 2515 236 2562 l.
269 2530 306 2563 s.
339 2529 376 2563 s.
422 2515 741 2577 (quamquam
783 2519 837 2562 ut
878 2516 1007 2563 alias
1049 2515 1123 2563 ita
1163 2516 1239 2563 hic
1269 2530 1576 2576 nequaquam
1609 2515 1666 2564 de
1707 2518 1915 2577 sinqulis
1944 2519 2102 2566 verbis
2133 2520 2391 2580 quicquam

207 2598 441 2656 spondere
462 2597 764 2658 possumus).

357 2688 478 2747 200,
507 2688 587 2734 14.
639 2686 790 2734 Hunc
820 2687 998 2742 locum,
1031 2701 1169 2746 quem
1201 2686 1323 2734 libro
1355 2687 1414 2734 de
1439 2689 1764 2747 qrammatiea
1795 2688 2073 2737 vindicabat
2113 2690 2390 2739 Wilmanns

207 2794 275 2798 —
308 2768 394 2815 ubi
424 2770 528 2816 sine
559 2768 703 2815 dubio
737 2768 902 2816 eadem
932 2769 1094 2816 docuit
1133 2768 1291 2816 Varro
1322 2794 1396 2800 —
1427 2768 1567 2816 libris
1597 2769 1655 2816 de
1686 2770 1969 2829 antiquitate
2000 2770 2271 2819 litterarum
2302 2773 2388 2819 ad-

204 2850 469 2905 iunximus,
508 2850 594 2897 ubi
623 2863 721 2897 non
752 2850 909 2910 mayis
939 2850 1182 2910 neqleqere
1214 2850 1376 2909 potuit
1407 2851 1719 2910 primumque
1750 2851 1970 2910 protulit,
2003 2853 2117 2911 quia
2147 2854 2202 2900 in
2222 2839 2387 2912 primo

203 2931 376 2978 horum
405 2934 676 2991 fraqmento
709 2934 819 2979 ante
852 2931 1122 2979 Varronem
1153 2934 1573 2978 commemoratum
1604 2932 1804 2991 leqimus
1835 2933 2019 2981 similia
2051 2937 2094 2980 et
2123 2934 2239 2994 quia
2273 2935 2386 2982 alte-

203 3026 316 3059 rum
347 3013 430 3072 qui
460 3014 683 3067 servavit,
714 3011 990 3072 Pompeius,
1022 3012 1178 3072 paulo
1213 3015 1327 3072 post
1356 3011 1512 3060 locum
1541 3013 1683 3061 habet
1704 3014 2018 3073 parallelum,
2049 3015 2250 3075 denique
2285 3014 2386 3064 Gle-

203 3093 380 3141 donius
414 3095 563 3141 eidem
593 3096 855 3142 sententiae
887 3095 1113 3142 adiunoeit
1143 3094 1384 3155 quaedam
1415 3094 1473 3141 de
1504 3093 1776 3142 litterarum
1807 3097 2147 3144 inventoribus.

354 3184 475 3243 201,
502 3184 648 3244 4399.
693 3181 766 3243 Of.
799 3182 1089 3231 Ritschelius
1123 3182 1295 3243 Opusc.
1328 3182 1433 3229 III
1446 3198 1500 3242 p.
1534 3185 1664 3231 373.

355 3266 476 3325 201,
505 3266 568 3311 11
589 3278 686 3325 sqq.
742 3263 816 3324 Cf.
847 3264 1049 3312 Norden
1078 3264 1132 3311 in
1172 3264 1272 3311 ind.
1308 3262 1489 3324 Gryph.
1523 3279 1567 3312 a.
1604 3265 1748 3313 1895
1769 3281 1822 3326 p.
1859 3267 2005 3314 VIII
2012 3281 2079 3328 sq.
2130 3269 2386 3317 Miramur

203 3345 331 3405 quod
360 3344 610 3400 Funaioli,
644 3359 752 3393 cum
783 3346 841 3394 de
882 3344 1020 3393 libris
1051 3346 1118 3394 ad
1148 3345 1430 3405 Pompeium
1462 3360 1494 3392 a
1524 3346 1667 3406 Lydo
1699 3349 2076 3396 commemoratis
2107 3363 2203 3409 pro
2245 3350 2385 3398 libris

202 3425 263 3473 de
292 3428 477 3486 oriqine
507 3426 537 3473 l.
562 3426 593 3473 Ζ.
624 3426 858 3475 habendis
888 3428 1163 3482 consentiat,
1197 3426 1404 3474 alterum
1433 3426 1589 3475 locwm
1618 3429 1794 3476 maluit
1822 3429 1889 3477 ad
1919 3430 2066 3477 libros
2098 3430 2156 3478 de
2186 3430 2215 3477 Ζ.
2248 3431 2278 3479 Ζ.
2310 3445 2384 3480 re-

201 3509 331 3567 ferre
362 3523 509 3568 quami
539 3505 649 3574 περὶ
681 3501 950 3571 Ῥωμαικῆς
975 3505 1228 3557 διαλέκτου
1251 3522 1347 3569 pro
1379 3508 1596 3558 liberiore
1630 3511 1886 3558 eorimdem
1917 3511 2150 3559 librorum
2179 3513 2383 3573 inserip-

202 3589 328 3637 tione
357 3589 532 3638 habere
563 3604 671 3637 cum
713 3590 843 3646 aliis,
876 3591 1168 3651 praesertim
1199 3604 1307 3638 cum
1337 3604 1391 3638 re
1419 3604 1536 3638 vera
1567 3591 1626 3638 de
1655 3592 1839 3652 oriyine
1869 3592 1900 3639 Ζ.
1933 3593 1962 3640 Ζ.
1996 3594 2173 3654 aqatwr
2202 3594 2257 3641 in
2298 3594 2384 3642 hoc

200 3670 486 3729 fraqmenta
535 3671 892 3732 Difficultatem
921 3686 1032 3719 vero
1074 3672 1128 3719 in
1158 3680 1359 3719 numero
1392 3685 1442 3719 eo
1483 3673 1889 3722 inconsideratius
1929 3675 1984 3722 in
2023 3674 2115 3722 hac
2151 3689 2203 3723 re
2234 3676 2382 3736 effert,

201 3751 320 3810 quia
350 3765 461 3799 mox
490 3753 593 3812 ipse
623 3767 806 3814 quoque
827 3768 924 3813 pro
955 3749 1155 3820 πέμπτῳ
1187 3752 1431 3801 desiderat
1461 3749 1682 3821 δευτέρῳ,
1714 3755 1944 3815 quoniam
1974 3755 2032 3802 de
2062 3757 2226 3816 quinto
2257 3755 2381 3804 libro

2547 0 2600 400 ἶ
