2600 4198
263 181 374 234 220
708 178 1108 233 RELIQVORVM
1138 177 1219 222 DE
1251 177 1656 223 GRAMMATIGA
1687 178 2001 224 LIBRORVM

534 316 771 367 senarios
795 315 1083 382 trimetros,
1109 313 1414 366 octonarios
1438 331 1562 366 vero
1588 316 1930 368 tetrametros
1953 318 2288 369 vocaverunt.
2315 335 2342 365 *
2362 335 2387 365 *
2415 336 2441 365 »ι

531 404 752 457 abusiva
783 402 868 455 vel
906 403 1036 455 haec
1075 401 1365 470 appellatio
1405 401 1707 471 habebitur,
1746 420 1868 455 cum
1900 404 2103 456 sincera
2134 406 2188 456 et
2225 404 2445 473 propria

531 492 921 563 significatione
963 488 1287 543 Graecorum
1327 507 1509 543 versus
1547 490 1743 545 herous
1790 491 2097 545 hexameter
2136 510 2265 562 epos
2304 492 2442 547 dica-

529 584 630 632 tur.
709 579 850 649 apud
895 598 994 631 nos
1042 583 1221 631 autem
1259 596 1443 631 versus
1493 579 1667 632 dictus
1707 583 1787 633 est
1825 600 1856 633 a
1894 582 2149 649 versuris,
2196 581 2252 633 id
2290 585 2372 635 est
2410 600 2442 634 a

529 670 757 737 repetita
797 668 1063 737 scriptura
1102 687 1167 719 ex
1208 686 1269 720 ea
1307 670 1460 736 parte
1499 669 1553 720 in
1595 686 1756 736 quam
1797 669 2002 721 desinit.
2071 671 2259 739 primis
2299 671 2440 724 enim

528 759 874 828 temporibus,
927 757 1067 810 sicut
1106 757 1321 826 quidam
1361 757 1628 826 adserunt,
1679 758 1755 810 sic
1797 757 1944 810 soliti
1996 761 2148 810 erant
2198 757 2441 826 scribere,

528 851 590 899 ut
622 866 742 900 cum
776 866 806 898 a
838 847 1056 899 sinistra
1087 849 1237 914 parte
1270 845 1483 898 initium
1517 847 1690 898 facere
1731 847 2031 914 coepissent
2071 850 2123 898 et
2163 847 2442 899 duxissent

528 936 593 988 ad
633 936 895 1004 dextram,
936 938 1245 1003 sequentem
1286 953 1499 987 versum
1539 953 1569 986 a
1610 935 1795 987 dextra
1833 938 1984 1004 parte
2024 935 2336 987 inchoantes
2376 935 2442 987 ad

528 1025 798 1078 sinistram
837 1024 1199 1092 perducerent,
1233 1042 1391 1092 quem
1425 1042 1625 1076 morem
1665 1024 1846 1076 ferunt
1879 1024 2149 1076 custodire
2182 1023 2353 1075 adhuc
2384 1024 2442 1076 in

528 1113 638 1166 suis
677 1113 923 1182 li[tte]ris
963 1113 1207 1165 rusticos.
1286 1113 1389 1164 hoc
1429 1115 1607 1164 autem
1649 1129 1814 1182 genus
1857 1113 2152 1181 scripturae
2194 1113 2441 1165 dicebant
2465 1135 2509 1168 ιο

529 1202 991 1270 βουστοφη<δό>ν
1024 1220 1054 1253 a
1085 1201 1250 1253 boum
1282 1202 1599 1269 versatione,
1630 1202 1769 1253 unde
1802 1201 1975 1254 adhuc
2015 1202 2071 1254 in
2111 1201 2307 1254 arando
2347 1202 2442 1254 ubi

533 1291 728 1342 desinit
779 1292 957 1342 sulcus
999 1294 1050 1341 et
1103 1290 1242 1341 unde
1282 1289 1417 1341 alter
1456 1290 1739 1342 inchoatur
1779 1308 1994 1342 versura
2032 1291 2250 1359 proprio
2290 1308 2441 1343 voca-

527 1379 654 1431 bulo
695 1382 1048 1447 nuncupatur.
1126 1378 1299 1430 omnis
1340 1382 1518 1430 autem
1558 1397 1742 1431 versus
1784 1380 1848 1431 ab
1890 1380 2098 1449 integra
2136 1382 2290 1447 parte
2330 1398 2442 1432 ora-

526 1468 691 1520 tionis
731 1467 920 1536 incipit
961 1471 1013 1519 et
1053 1468 1109 1518 in
1148 1467 1411 1537 integram
1452 1467 1648 1519 desinit
1687 1467 1925 1536 exceptis
1963 1467 2048 1519 his
2089 1486 2222 1536 quae
2263 1468 2319 1519 in
2358 1485 2441 1521 co-

526 1557 750 1609 moediis
804 1556 1110 1609 ioculariter
1159 1556 1299 1608 dicta
1355 1559 1605 1624 corrupta
1659 1560 1751 1608 aut
1805 1557 2098 1625 semiplena
2152 1557 2443 1610 efferuntur
2466 1578 2508 1612 1⁶

525 1650 618 1698 aut
659 1664 794 1714 quae
844 1664 964 1698 raro
1005 1646 1149 1713 apud
1188 1645 1368 1714 epicos
1420 1645 1577 1697 metri
1628 1645 1942 1698 necessitate
1984 1645 2307 1699 dividuntur.
2341 1688 2351 1698 .
2386 1689 2395 1698 .
2431 1688 2440 1698 .

524 1735 641 1803 pari
692 1735 900 1787 ratione
950 1735 1006 1786 in
1047 1753 1203 1786 versu
1251 1737 1303 1786 et
1353 1752 1590 1803 apocope
1631 1738 1914 1803 praecepta
1953 1740 2047 1804 est,
2098 1735 2152 1787 id
2192 1738 2271 1787 est
2323 1735 2440 1787 sub-

523 1825 716 1877 tractio
783 1824 1018 1893 syllabae
1082 1823 1473 1893 syllabarumve
1534 1824 1820 1876 cuiuslibet
1881 1824 2120 1893 <partis>
2183 1823 2439 1877 orationis

525 1917 695 1966 metro
738 1917 960 1984 cogente
1000 1914 1157 1980 facta,
1198 1931 1331 1981 quae
1373 1913 1482 1964 sive
1522 1914 1578 1965 in
1610 1913 1772 1965 verbo
1815 1913 1924 1965 sive
1964 1915 2021 1966 in
2058 1913 2275 1965 nomine
2307 1914 2439 1966 acci-

525 2002 663 2054 derit
701 2020 801 2070 pro
842 2003 1051 2072 integra
1089 2005 1239 2070 parte
1281 2002 1538 2054 orationis
1579 2002 1883 2070 accipietur,
1922 2005 1983 2053 ut
2023 2002 2176 2053 ‘endo
2211 2020 2304 2053 sua
2337 2001 2439 2070 do',
2465 2023 2508 2055 20

524 2091 579 2142 id
620 2095 701 2143 est
739 2093 796 2143 in
836 2110 930 2144 sua
970 2091 1128 2144 domo
1163 2092 1325 2155 (Eam.
1352 2109 1474 2143 ann.
1501 2093 1605 2143 576
1633 2089 1759 2161 V.2)3
1798 2091 1929 2142 item
1970 2090 2119 2159 εεκε)
2157 2091 2325 2143 famul
2363 2092 2439 2142 in-

523 2180 682 2233 fimus
715 2181 871 2232 esset'
905 2198 1003 2249 pro
1042 2181 1244 2233 famulo
1287 2181 1432 2245 (ibid.
1459 2185 1562 2232 313
1601 2186 1646 2233 et
1670 2180 1821 2233 Isewr.
1848 2180 1959 2232 III
1973 2182 2155 2249 1035);
2196 2179 2441 2232 similiter

527 2269 732 2338 eproras
766 2269 1050 2321 detundete
1083 2272 1135 2320 et
1166 2269 1532 2337 <de>spoliate
1565 2270 1844 2340 guberna',
1877 2269 1930 2320 id
1963 2273 2042 2321 est
2082 2269 2440 2339 gubernacula

525 2359 714 2423 (Lucil.
740 2361 847 2411 578
863 2359 984 2424 M).
1013 2401 1021 2409 .
1051 2402 1058 2409 .
1087 2400 1096 2409 .
1138 2376 1321 2410 versus
1347 2362 1524 2410 autem
1552 2358 1714 2410 distat
1746 2377 1776 2409 a
1807 2361 1994 2426 metrO,
2026 2357 2169 2426 quod
2202 2357 2259 2408 in
2282 2374 2439 2409 versu

524 2448 706 2500 statim
745 2448 959 2501 auditur
991 2451 1042 2499 et
1082 2449 1327 2514 metrum,
1368 2447 1422 2498 in
1463 2450 1633 2499 metro
1675 2450 1851 2499 autem
1886 2465 1995 2499 non
2026 2446 2208 2498 statim
2240 2464 2436 2498 versus,
2462 2467 2504 2500 25

258 2534 455 2606 (²¹0⁸)92
490 2534 586 2607 (70
620 2535 815 2607 [443]).
872 2538 963 2605 qui
996 2555 1178 2589 versus
1218 2536 1346 2587 facit
1385 2537 1533 2606 παρὰ
1571 2536 1703 2605 <τὸ>
1735 2546 1916 2588 ποιεῖν
1949 2535 2122 2588 dictus
2164 2538 2243 2587 est
2281 2553 2439 2604 ποιη-

522 2629 636 2694 τής,
685 2625 878 2678 Latina
927 2624 1114 2695 lingua
1152 2627 1315 2693 vateS,
1367 2626 1510 2693 quod
1549 2625 1709 2677 verba
1759 2624 2123 2677 modulatione
2174 2627 2437 2676 conectat:

521 2715 663 2767 viere
704 2715 846 2766 enim
886 2718 1159 2767 conectere
1200 2718 1300 2783 est,
1340 2714 1479 2766 unde
1519 2715 1699 2766 vimen
1739 2713 1938 2765 dictum
1979 2712 2197 2784 virgulti
2237 2712 2437 2782 species

401 2940 429 2977 4
465 2935 531 2988 Of.
563 2935 662 2979 GL.
690 2936 780 2978 III
801 2938 902 2988 514,
918 2938 979 2978 27
988 2952 1003 2988 ;
1038 2935 1111 2978 VI
1129 2938 1232 2988 631,
1248 2938 1311 2978 20
1322 2951 1337 2988 ;
1369 2935 1616 2991 Auyustin.
1645 2934 1698 2977 de
1723 2934 1817 2977 ord.
1845 2934 1909 2976 ΙΙ
1925 2937 1996 2976 40.
2031 2933 2084 2975 de
2115 2946 2226 2976 mus.
2262 2932 2435 2986 V3,4‚·

254 2995 367 3038 Isid.
402 2996 436 3037 Ι
462 2998 536 3048 39,
552 2998 595 3038 2.
631 2995 704 3037 VI
736 2997 802 3048 14,
822 2998 849 3037 7
880 2996 893 3050 Η
935 2999 986 3036 17
1025 2994 1092 3047 Of.
1129 2994 1228 3037 GL.
1263 2995 1297 3035 Ι
1320 2997 1430 3046 278,
1445 2997 1518 3038 21.
1552 2995 1755 3047 441,34‚·
1788 2993 1870 3036 JV
1893 2995 2101 3045 263,12;
2136 2991 2178 3035 V
2204 2994 2391 3044 388,22
2421 2993 2435 3048 ιι

254 3058 307 3095 21
346 3053 412 3107 Of.
447 3054 568 3097 Non.
605 3057 752 3107 110,7
799 3055 811 3110 ΙΙ
860 3057 913 3095 22
951 3053 1017 3107 Cf.
1051 3053 1175 3096 Non.
1209 3055 1314 3105 490,
1331 3056 1387 3096 31
1435 3054 1448 3108 ΙΙ
1497 3056 1551 3094 26
1589 3052 1688 3096 GL.
1718 3052 1789 3095 VI
1815 3055 1966 3105 56,16
2006 3050 2104 3106 (qui
2141 3064 2298 3094 versus
2333 3084 2342 3093 .
2379 3084 2387 3092 .
2422 3084 2431 3092 .

254 3111 443 3155 Homeri
485 3114 533 3155 et
562 3112 733 3155 Aeneis
764 3111 980 3169 Vergilii)
991 3129 1007 3166 ;
1049 3112 1106 3165 ef.
1140 3113 1263 3155 Don.
1297 3113 1349 3154 i‘n
1381 3111 1531 3155 Anda.
1556 3112 1675 3167 prol.
1711 3114 1738 3154 3
1782 3113 1963 3166 (poetae
1997 3124 2024 3152 a
2063 3109 2277 3153 faciendo
2319 3108 2435 3153 dicti

254 3173 375 3224 sunt,
409 3172 501 3214 ἀπὸ
533 3178 615 3215 τοῦ
647 3172 816 3228 ποιεῖν)
827 3189 842 3225 ;
881 3171 981 3215 GL.
1016 3172 1047 3213 Ι
1074 3174 1177 3221 491,
1196 3174 1254 3214 18
1283 3172 1297 3227 ΙΙ
1330 3175 1383 3213 27
1420 3171 1488 3223 Cf.
1516 3184 1566 3226 Ρ.
1597 3173 1749 3224 2Ο,14
1780 3175 1821 3215 et
1853 3173 1954 3223 104,
1973 3173 2001 3214 3
2033 3168 2181 3225 ibique
2213 3169 2434 3213 adnotata

404 3384 425 3421 1
453 3380 667 3423 lacunam
697 3379 979 3435 siynavimus
1005 3379 1146 3433 (velut
1170 3377 1499 3436 <hexametros
1525 3376 1703 3420 Ennius
1726 3376 1891 3434 longos
1918 3375 2157 3435 vocavit>.·
2191 3377 2245 3430 cf.
2274 3377 2431 3420 testim.

252 3438 314 3482 ad
346 3439 473 3482 Enn.
506 3440 595 3482 ine.
627 3441 690 3482 20
725 3437 817 3494 W)
852 3439 865 3494 ΙΙ
897 3443 922 3480 2
957 3436 1172 3480 abusiue:
1206 3450 1307 3481 corr
1326 3437 1435 3480 Keil
1462 3437 1468 3493 Ι
1507 3435 1766 3492 appellatio
1798 3437 1864 3480 vel
1896 3434 2212 3491 appellatione
2243 3436 2256 3491 ΙΙ
2291 3438 2314 3477 7
2350 3434 2433 3478 du-

252 3497 430 3540 xissent
453 3498 521 3541 vel
544 3497 755 3540 duxisset
777 3499 790 3554 Η
817 3501 871 3540 10
895 3498 966 3541 del
992 3498 1199 3541 Valesius
1221 3498 1234 3553 ΙΙ
1262 3501 1313 3539 11
1339 3495 1628 3551 bustrophen
1652 3496 1719 3539 vel
1742 3495 2045 3551 bostrophen:
2073 3508 2172 3538 corr
2189 3494 2395 3538 Valesius
2417 3495 2432 3551 ΙΙ

254 3561 307 3599 12
339 3556 527 3613 proprio
559 3558 626 3601 vel
656 3556 845 3613 propria
876 3558 889 3613 ΙΙ
923 3561 977 3600 14
1009 3562 1049 3600 et
1083 3560 1135 3599 16
1169 3568 1288 3611 quae
1311 3555 1379 3599 vel
1409 3555 1491 3610 qui
1522 3556 1535 3611 ΙΙ
1570 3559 1621 3597 17
1654 3556 1843 3610 recepta
1859 3555 1970 3598 Keil
2000 3555 2013 3610 Η
2048 3557 2101 3596 18
2133 3553 2269 3609 suppl
2292 3553 2431 3597 Wam

253 3614 521 3671 (cuiuslibet
551 3631 598 3672 p.
623 3630 687 3659 or.
711 3616 958 3673 secludens)
983 3616 997 3672 ΙΙ
1029 3620 1085 3658 20
1117 3614 1292 3658 utendo
1323 3615 1389 3658 vel
1419 3616 1473 3657 ut
1503 3613 1614 3657 indo
1643 3615 1648 3671 Ι
1677 3613 1842 3657 suado:
1877 3627 2007 3656 suam
2033 3612 2091 3655 do
2115 3613 2248 3656 ceteri
2269 3616 2395 3656 testes
2417 3612 2432 3669 ΙΙ

252 3679 305 3718 21
341 3675 545 3729 afamul;
577 3690 662 3719 an:
693 3677 747 3719 ut
778 3674 925 3718 famul
957 3676 1030 3731 (=
1049 3675 1201 3718 Eme..-
1233 3687 1287 3717 ac
1318 3672 1465 3717 famul
1495 3678 1547 3717 ut
1571 3674 1710 3718 Lucr.
1733 3671 1811 3729 v)?
1841 3674 1855 3729 ΙΙ
1888 3677 1943 3715 28
1977 3671 2216 3715 detendite
2248 3673 2295 3715 et
2326 3683 2431 3727 spo-

250 3732 384 3778 liate:
419 3734 679 3790 despoliate
712 3737 760 3779 et
790 3734 1034 3778 detundite
1067 3734 1190 3778 Non.
1225 3732 1492 3790 (detondete
1523 3746 1563 3786 v,
1598 3731 1850 3776 detundete
1881 3732 2043 3787 Marx)
2075 3731 2089 3787 ΙΙ
2120 3735 2174 3773 27
2208 3729 2334 3786 quod
2363 3730 2433 3774 vel

251 3791 423 3836 dicitur
454 3793 534 3848 qui
