<?xml version="1.0" encoding="UTF-8"?>
<!DOCTYPE html PUBLIC "-//W3C//DTD XHTML 1.0 Transitional//EN"
    "http://www.w3.org/TR/xhtml1/DTD/xhtml1-transitional.dtd">
<html xmlns="http://www.w3.org/1999/xhtml" xml:lang="en" lang="en">
 <head>
  <title>
</title>
<meta http-equiv="Content-Type" content="text/html;charset=utf-8" />
  <meta name='ocr-system' content='tesseract 3.04.00' />
  <meta name='ocr-capabilities' content='ocr_page ocr_carea ocr_par ocr_line ocrx_word'/>
</head>
<body>
  <div class='ocr_page' id='page_1' title='image "./delingualatinaqu00varruoft_0288.png"; bbox 0 0 2600 4198; ppageno 0'>
   <div class='ocr_carea' id='block_1_1' title="bbox 263 156 2006 230">
    <p class='ocr_par' dir='ltr' id='par_1_1' title="bbox 263 156 2006 230">
     <span class='ocr_line' id='line_1_1' title="bbox 263 156 2006 230; baseline -0.001 -8"><span class='ocrx_word' id='word_1_1' title='bbox 263 177 374 230; x_wconf 85' lang='grc'>230</span> <span class='ocrx_word' id='word_1_2' title='bbox 709 156 1110 230; x_wconf 82' lang='lat' dir='ltr'><strong>RELIQVORVM</strong></span> <span class='ocrx_word' id='word_1_3' title='bbox 1144 175 1223 220; x_wconf 86' lang='lat' dir='ltr'>DE</span> <span class='ocrx_word' id='word_1_4' title='bbox 1255 175 1661 222; x_wconf 82' lang='lat' dir='ltr'><strong>GRAMMATICA</strong></span> <span class='ocrx_word' id='word_1_5' title='bbox 1691 176 2006 223; x_wconf 85' lang='lat' dir='ltr'><strong>LIBRORVM</strong></span> 
     </span>
    </p>
   </div>
   <div class='ocr_carea' id='block_1_2' title="bbox 270 310 2518 2071">
    <p class='ocr_par' dir='ltr' id='par_1_2' title="bbox 270 310 2518 2071">
     <span class='ocr_line' id='line_1_2' title="bbox 522 310 2437 382; baseline 0.003 -18"><span class='ocrx_word' id='word_1_6' title='bbox 522 311 748 365; x_wconf 85' lang='lat' dir='ltr'>tradidit</span> <span class='ocrx_word' id='word_1_7' title='bbox 784 310 943 364; x_wconf 90' lang='lat' dir='ltr'>nobis</span> <span class='ocrx_word' id='word_1_8' title='bbox 974 330 1136 380; x_wconf 88' lang='lat' dir='ltr'>quam</span> <span class='ocrx_word' id='word_1_9' title='bbox 1171 311 1313 380; x_wconf 92' lang='lat' dir='ltr'>quod</span> <span class='ocrx_word' id='word_1_10' title='bbox 1353 312 1580 382; x_wconf 87' lang='lat' dir='ltr'>accepit:</span> <span class='ocrx_word' id='word_1_11' title='bbox 1619 330 1743 365; x_wconf 89' lang='lat' dir='ltr'>nam</span> <span class='ocrx_word' id='word_1_12' title='bbox 1784 312 1830 365; x_wconf 92' lang='lat' dir='ltr'>si</span> <span class='ocrx_word' id='word_1_13' title='bbox 1870 313 1991 382; x_wconf 90' lang='lat' dir='ltr'>quis</span> <span class='ocrx_word' id='word_1_14' title='bbox 2024 313 2166 367; x_wconf 89' lang='lat' dir='ltr'>dicat</span> <span class='ocrx_word' id='word_1_15' title='bbox 2205 315 2437 370; x_wconf 89' lang='lat' dir='ltr'>scrimbo</span> 
     </span>
     <span class='ocr_line' id='line_1_3' title="bbox 527 399 2440 471; baseline 0.002 -18"><span class='ocrx_word' id='word_1_16' title='bbox 527 418 626 469; x_wconf 93' lang='lat' dir='ltr'>pro</span> <span class='ocrx_word' id='word_1_17' title='bbox 677 418 740 453; x_wconf 90' lang='lat' dir='ltr'>eo</span> <span class='ocrx_word' id='word_1_18' title='bbox 782 400 926 469; x_wconf 90' lang='lat' dir='ltr'>quod</span> <span class='ocrx_word' id='word_1_19' title='bbox 976 403 1056 452; x_wconf 92' lang='lat' dir='ltr'>est</span> <span class='ocrx_word' id='word_1_20' title='bbox 1108 399 1300 468; x_wconf 83' lang='lat' dir='ltr'>scribO,</span> <span class='ocrx_word' id='word_1_21' title='bbox 1346 418 1455 452; x_wconf 90' lang='lat' dir='ltr'>non</span> <span class='ocrx_word' id='word_1_22' title='bbox 1495 400 1772 471; x_wconf 82' lang='lat' dir='ltr'>analogiae</span> <span class='ocrx_word' id='word_1_23' title='bbox 1811 402 2027 470; x_wconf 86' lang='lat' dir='ltr'>virtute,</span> <span class='ocrx_word' id='word_1_24' title='bbox 2078 402 2168 455; x_wconf 88' lang='lat' dir='ltr'>sed</span> <span class='ocrx_word' id='word_1_25' title='bbox 2218 406 2440 456; x_wconf 86' lang='lat' dir='ltr'>naturae</span> 
     </span>
     <span class='ocr_line' id='line_1_4' title="bbox 525 488 2440 559; baseline 0.002 -18"><span class='ocrx_word' id='word_1_26' title='bbox 525 490 696 558; x_wconf 90' lang='lat' dir='ltr'>ipsius</span> <span class='ocrx_word' id='word_1_27' title='bbox 737 488 1124 542; x_wconf 90' lang='lat' dir='ltr'>constitutione</span> <span class='ocrx_word' id='word_1_28' title='bbox 1164 489 1512 541; x_wconf 86' lang='lat' dir='ltr'>convincitur.</span> <span class='ocrx_word' id='word_1_29' title='bbox 1590 489 1840 559; x_wconf 88' lang='lat' dir='ltr'>analogia</span> <span class='ocrx_word' id='word_1_30' title='bbox 1879 491 2140 543; x_wconf 87' lang='lat' dir='ltr'>sermonis</span> <span class='ocrx_word' id='word_1_31' title='bbox 2179 510 2209 543; x_wconf 89' lang='lat' dir='ltr'>a</span> <span class='ocrx_word' id='word_1_32' title='bbox 2248 496 2440 545; x_wconf 85' lang='lat' dir='ltr'>natura</span> 
     </span>
     <span class='ocr_line' id='line_1_5' title="bbox 525 576 2442 649; baseline 0.002 -19"><span class='ocrx_word' id='word_1_33' title='bbox 525 577 726 646; x_wconf 91' lang='lat' dir='ltr'>proditi</span> <span class='ocrx_word' id='word_1_34' title='bbox 767 577 1032 630; x_wconf 84' lang='lat' dir='ltr'>ordinatio</span> <span class='ocrx_word' id='word_1_35' title='bbox 1073 580 1154 629; x_wconf 89' lang='lat' dir='ltr'>est</span> <span class='ocrx_word' id='word_1_36' title='bbox 1199 595 1372 646; x_wconf 90' lang='lat' dir='ltr'>neque</span> <span class='ocrx_word' id='word_1_37' title='bbox 1412 576 1566 630; x_wconf 88' lang='lat' dir='ltr'>aliter</span> <span class='ocrx_word' id='word_1_38' title='bbox 1608 578 1889 631; x_wconf 85' lang='lat' dir='ltr'>barbaram</span> <span class='ocrx_word' id='word_1_39' title='bbox 1935 579 2177 649; x_wconf 83' lang='lat' dir='ltr'>linguam</span> <span class='ocrx_word' id='word_1_40' title='bbox 2218 580 2284 632; x_wconf 90' lang='lat' dir='ltr'>ab</span> <span class='ocrx_word' id='word_1_41' title='bbox 2325 598 2442 633; x_wconf 90' lang='lat' dir='ltr'>eru-</span> 
     </span>
     <span class='ocr_line' id='line_1_6' title="bbox 525 665 2508 736; baseline 0.003 -19"><span class='ocrx_word' id='word_1_42' title='bbox 525 666 637 719; x_wconf 88' lang='lat' dir='ltr'>dita</span> <span class='ocrx_word' id='word_1_43' title='bbox 692 684 852 735; x_wconf 88' lang='lat' dir='ltr'>quam</span> <span class='ocrx_word' id='word_1_44' title='bbox 906 669 1188 736; x_wconf 86' lang='lat' dir='ltr'>argentum</span> <span class='ocrx_word' id='word_1_45' title='bbox 1235 685 1265 718; x_wconf 90' lang='lat' dir='ltr'>a</span> <span class='ocrx_word' id='word_1_46' title='bbox 1319 665 1541 734; x_wconf 88' lang='lat' dir='ltr'>plumbo</span> <span class='ocrx_word' id='word_1_47' title='bbox 1598 666 1864 719; x_wconf 89' lang='lat' dir='ltr'>dissociat.</span> <span class='ocrx_word' id='word_1_48' title='bbox 1950 668 2278 721; x_wconf 76' lang='lat' dir='ltr'>consuetudo</span> <span class='ocrx_word' id='word_1_49' title='bbox 2333 687 2443 722; x_wconf 91' lang='lat' dir='ltr'>non</span> <span class='ocrx_word' id='word_1_50' title='bbox 2489 691 2508 722; x_wconf 80' lang='lat'><strong>⁶</strong></span> 
     </span>
     <span class='ocr_line' id='line_1_7' title="bbox 526 754 2444 826; baseline 0.001 -18"><span class='ocrx_word' id='word_1_51' title='bbox 526 755 733 809; x_wconf 88' lang='lat' dir='ltr'>ratione</span> <span class='ocrx_word' id='word_1_52' title='bbox 757 754 1051 825; x_wconf 80' lang='lat' dir='ltr'>analogiae,</span> <span class='ocrx_word' id='word_1_53' title='bbox 1084 755 1177 807; x_wconf 91' lang='lat' dir='ltr'>sed</span> <span class='ocrx_word' id='word_1_54' title='bbox 1201 754 1406 808; x_wconf 85' lang='lat' dir='ltr'>viribus</span> <span class='ocrx_word' id='word_1_55' title='bbox 1437 774 1535 823; x_wconf 90' lang='lat' dir='ltr'>par</span> <span class='ocrx_word' id='word_1_56' title='bbox 1559 758 1654 823; x_wconf 93' lang='lat' dir='ltr'>est,</span> <span class='ocrx_word' id='word_1_57' title='bbox 1686 755 1805 807; x_wconf 89' lang='lat' dir='ltr'>ideo</span> <span class='ocrx_word' id='word_1_58' title='bbox 1839 755 2012 808; x_wconf 89' lang='lat' dir='ltr'>solum</span> <span class='ocrx_word' id='word_1_59' title='bbox 2045 760 2275 826; x_wconf 87' lang='lat' dir='ltr'>recepta,</span> <span class='ocrx_word' id='word_1_60' title='bbox 2300 759 2444 826; x_wconf 93' lang='lat' dir='ltr'>quod</span> 
     </span>
     <span class='ocr_line' id='line_1_8' title="bbox 527 843 2443 910; baseline 0.002 -14"><span class='ocrx_word' id='word_1_61' title='bbox 527 844 821 897; x_wconf 92' lang='lat' dir='ltr'>multorum</span> <span class='ocrx_word' id='word_1_62' title='bbox 861 843 1211 896; x_wconf 80' lang='lat' dir='ltr'>consensione</span> <span class='ocrx_word' id='word_1_63' title='bbox 1251 844 1536 910; x_wconf 86' lang='lat' dir='ltr'>convaluit,</span> <span class='ocrx_word' id='word_1_64' title='bbox 1576 846 1652 896; x_wconf 88' lang='lat' dir='ltr'>ita</span> <span class='ocrx_word' id='word_1_65' title='bbox 1691 847 1870 897; x_wconf 87' lang='lat' dir='ltr'>tamen</span> <span class='ocrx_word' id='word_1_66' title='bbox 1909 848 1969 897; x_wconf 90' lang='lat' dir='ltr'>ut</span> <span class='ocrx_word' id='word_1_67' title='bbox 2009 846 2089 897; x_wconf 91' lang='lat' dir='ltr'>illi</span> <span class='ocrx_word' id='word_1_68' title='bbox 2132 847 2261 898; x_wconf 90' lang='lat' dir='ltr'>artis</span> <span class='ocrx_word' id='word_1_69' title='bbox 2306 847 2443 899; x_wconf 86' lang='lat' dir='ltr'>ratio</span> 
     </span>
     <span class='ocr_line' id='line_1_9' title="bbox 527 931 2444 1003; baseline 0.001 -17"><span class='ocrx_word' id='word_1_70' title='bbox 527 952 637 986; x_wconf 91' lang='lat' dir='ltr'>non</span> <span class='ocrx_word' id='word_1_71' title='bbox 687 933 916 1001; x_wconf 88' lang='lat' dir='ltr'>accedat,</span> <span class='ocrx_word' id='word_1_72' title='bbox 969 932 1062 984; x_wconf 92' lang='lat' dir='ltr'>sed</span> <span class='ocrx_word' id='word_1_73' title='bbox 1112 931 1410 1002; x_wconf 74' lang='lat' dir='ltr'>indulgeat:</span> <span class='ocrx_word' id='word_1_74' title='bbox 1462 951 1585 984; x_wconf 89' lang='lat' dir='ltr'>nam</span> <span class='ocrx_word' id='word_1_75' title='bbox 1637 951 1698 985; x_wconf 90' lang='lat' dir='ltr'>ea</span> <span class='ocrx_word' id='word_1_76' title='bbox 1749 952 1776 985; x_wconf 90' lang='lat' dir='ltr'>e</span> <span class='ocrx_word' id='word_1_77' title='bbox 1828 934 2003 986; x_wconf 91' lang='lat' dir='ltr'>medio</span> <span class='ocrx_word' id='word_1_78' title='bbox 2051 935 2304 1003; x_wconf 92' lang='lat' dir='ltr'>loquendi</span> <span class='ocrx_word' id='word_1_79' title='bbox 2343 953 2444 987; x_wconf 91' lang='lat' dir='ltr'>usu</span> 
     </span>
     <span class='ocr_line' id='line_1_10' title="bbox 529 1021 2445 1093; baseline 0.001 -18"><span class='ocrx_word' id='word_1_80' title='bbox 529 1023 728 1092; x_wconf 86' lang='lat' dir='ltr'>placita</span> <span class='ocrx_word' id='word_1_81' title='bbox 782 1021 1060 1074; x_wconf 86' lang='lat' dir='ltr'>adsumere</span> <span class='ocrx_word' id='word_1_82' title='bbox 1115 1022 1409 1074; x_wconf 85' lang='lat' dir='ltr'>consuevit.</span> <span class='ocrx_word' id='word_1_83' title='bbox 1495 1022 1785 1074; x_wconf 87' lang='lat' dir='ltr'>auctoritas</span> <span class='ocrx_word' id='word_1_84' title='bbox 1841 1023 1894 1074; x_wconf 91' lang='lat' dir='ltr'>in</span> <span class='ocrx_word' id='word_1_85' title='bbox 1949 1022 2135 1093; x_wconf 87' lang='lat' dir='ltr'>regula</span> <span class='ocrx_word' id='word_1_86' title='bbox 2191 1023 2445 1092; x_wconf 89' lang='lat' dir='ltr'>loquendi</span> 
     </span>
     <span class='ocr_line' id='line_1_11' title="bbox 529 1110 2512 1180; baseline 0.001 -16"><span class='ocrx_word' id='word_1_87' title='bbox 529 1112 823 1164; x_wconf 86' lang='lat' dir='ltr'>novissima</span> <span class='ocrx_word' id='word_1_88' title='bbox 873 1113 977 1162; x_wconf 90' lang='lat' dir='ltr'>est:</span> <span class='ocrx_word' id='word_1_89' title='bbox 1028 1129 1260 1178; x_wconf 89' lang='lat' dir='ltr'>namque</span> <span class='ocrx_word' id='word_1_90' title='bbox 1307 1110 1399 1162; x_wconf 93' lang='lat' dir='ltr'>ubi</span> <span class='ocrx_word' id='word_1_91' title='bbox 1452 1111 1631 1163; x_wconf 89' lang='lat' dir='ltr'>omnia</span> <span class='ocrx_word' id='word_1_92' title='bbox 1678 1110 1990 1180; x_wconf 76' lang='lat' dir='ltr'>defecerint,</span> <span class='ocrx_word' id='word_1_93' title='bbox 2045 1113 2122 1165; x_wconf 89' lang='lat' dir='ltr'>sic</span> <span class='ocrx_word' id='word_1_94' title='bbox 2176 1113 2242 1164; x_wconf 90' lang='lat' dir='ltr'>ad</span> <span class='ocrx_word' id='word_1_95' title='bbox 2297 1114 2443 1166; x_wconf 84' lang='lat' dir='ltr'>illam</span> <span class='ocrx_word' id='word_1_96' title='bbox 2470 1135 2512 1167; x_wconf 86' lang='lat'>10</span> 
     </span>
     <span class='ocr_line' id='line_1_12' title="bbox 530 1199 2446 1271; baseline 0.001 -18"><span class='ocrx_word' id='word_1_97' title='bbox 530 1219 687 1270; x_wconf 91' lang='lat' dir='ltr'>quem</span> <span class='ocrx_word' id='word_1_98' title='bbox 728 1200 794 1252; x_wconf 90' lang='lat' dir='ltr'>ad</span> <span class='ocrx_word' id='word_1_99' title='bbox 832 1199 1054 1252; x_wconf 92' lang='lat' dir='ltr'>modum</span> <span class='ocrx_word' id='word_1_100' title='bbox 1093 1199 1160 1251; x_wconf 88' lang='lat' dir='ltr'>ad</span> <span class='ocrx_word' id='word_1_101' title='bbox 1200 1217 1346 1251; x_wconf 88' lang='lat' dir='ltr'>aram</span> <span class='ocrx_word' id='word_1_102' title='bbox 1389 1217 1591 1251; x_wconf 88' lang='lat' dir='ltr'>sacram</span> <span class='ocrx_word' id='word_1_103' title='bbox 1625 1200 1946 1253; x_wconf 85' lang='lat' dir='ltr'>decurritur:</span> <span class='ocrx_word' id='word_1_104' title='bbox 1983 1219 2094 1254; x_wconf 93' lang='lat' dir='ltr'>non</span> <span class='ocrx_word' id='word_1_105' title='bbox 2126 1203 2267 1254; x_wconf 91' lang='lat' dir='ltr'>enim</span> <span class='ocrx_word' id='word_1_106' title='bbox 2302 1203 2446 1271; x_wconf 88' lang='lat' dir='ltr'>quic-</span> 
     </span>
     <span class='ocr_line' id='line_1_13' title="bbox 531 1287 2445 1359; baseline 0.002 -19"><span class='ocrx_word' id='word_1_107' title='bbox 531 1308 691 1358; x_wconf 89' lang='lat' dir='ltr'>quam</span> <span class='ocrx_word' id='word_1_108' title='bbox 732 1291 826 1341; x_wconf 89' lang='lat' dir='ltr'>aut</span> <span class='ocrx_word' id='word_1_109' title='bbox 863 1287 1091 1340; x_wconf 85' lang='lat' dir='ltr'>rationis</span> <span class='ocrx_word' id='word_1_110' title='bbox 1132 1290 1223 1339; x_wconf 88' lang='lat' dir='ltr'>aut</span> <span class='ocrx_word' id='word_1_111' title='bbox 1260 1291 1483 1340; x_wconf 86' lang='lat' dir='ltr'>naturae</span> <span class='ocrx_word' id='word_1_112' title='bbox 1524 1291 1616 1340; x_wconf 88' lang='lat' dir='ltr'>aut</span> <span class='ocrx_word' id='word_1_113' title='bbox 1655 1289 2053 1342; x_wconf 80' lang='lat' dir='ltr'>consuetudinis</span> <span class='ocrx_word' id='word_1_114' title='bbox 2101 1290 2285 1359; x_wconf 90' lang='lat' dir='ltr'>habet,</span> <span class='ocrx_word' id='word_1_115' title='bbox 2325 1309 2445 1344; x_wconf 91' lang='lat' dir='ltr'>cum</span> 
     </span>
     <span class='ocr_line' id='line_1_14' title="bbox 532 1376 2447 1447; baseline 0.002 -17"><span class='ocrx_word' id='word_1_116' title='bbox 532 1381 743 1430; x_wconf 91' lang='lat' dir='ltr'>tantum</span> <span class='ocrx_word' id='word_1_117' title='bbox 776 1376 1028 1445; x_wconf 91' lang='lat' dir='ltr'>opinione</span> <span class='ocrx_word' id='word_1_118' title='bbox 1069 1376 1360 1429; x_wconf 90' lang='lat' dir='ltr'>secundum</span> <span class='ocrx_word' id='word_1_119' title='bbox 1393 1380 1630 1429; x_wconf 88' lang='lat' dir='ltr'>veterum</span> <span class='ocrx_word' id='word_1_120' title='bbox 1671 1377 1955 1430; x_wconf 90' lang='lat' dir='ltr'>lectionem</span> <span class='ocrx_word' id='word_1_121' title='bbox 1988 1382 2200 1447; x_wconf 89' lang='lat' dir='ltr'>recepta</span> <span class='ocrx_word' id='word_1_122' title='bbox 2240 1379 2310 1432; x_wconf 91' lang='lat' dir='ltr'>sit</span> <span class='ocrx_word' id='word_1_123' title='bbox 2349 1398 2447 1434; x_wconf 88' lang='lat' dir='ltr'>nec</span> 
     </span>
     <span class='ocr_line' id='line_1_15' title="bbox 532 1465 2448 1536; baseline 0.002 -18"><span class='ocrx_word' id='word_1_124' title='bbox 532 1467 774 1534; x_wconf 90' lang='lat' dir='ltr'>ipsorum</span> <span class='ocrx_word' id='word_1_125' title='bbox 823 1468 1018 1533; x_wconf 89' lang='lat' dir='ltr'>tamen,</span> <span class='ocrx_word' id='word_1_126' title='bbox 1075 1465 1120 1517; x_wconf 88' lang='lat' dir='ltr'>si</span> <span class='ocrx_word' id='word_1_127' title='bbox 1169 1466 1584 1535; x_wconf 84' lang='lat' dir='ltr'>interrogentur,</span> <span class='ocrx_word' id='word_1_128' title='bbox 1640 1484 1733 1518; x_wconf 88' lang='lat' dir='ltr'>cur</span> <span class='ocrx_word' id='word_1_129' title='bbox 1780 1465 1834 1517; x_wconf 93' lang='lat' dir='ltr'>id</span> <span class='ocrx_word' id='word_1_130' title='bbox 1886 1467 2054 1519; x_wconf 85' lang='lat' dir='ltr'>secuti</span> <span class='ocrx_word' id='word_1_131' title='bbox 2107 1468 2229 1536; x_wconf 86' lang='lat' dir='ltr'>sint,</span> <span class='ocrx_word' id='word_1_132' title='bbox 2284 1469 2448 1521; x_wconf 88' lang='lat' dir='ltr'>scien-</span> 
     </span>
     <span class='ocr_line' id='line_1_16' title="bbox 529 1555 2513 1610; baseline 0.002 -3"><span class='ocrx_word' id='word_1_133' title='bbox 529 1555 679 1608; x_wconf 91' lang='lat' dir='ltr'>tium.</span> <span class='ocrx_word' id='word_1_134' title='bbox 2475 1577 2513 1610; x_wconf 87' lang='lat'>15</span> 
     </span>
     <span class='ocr_line' id='line_1_17' title="bbox 270 1644 2444 1715; baseline 0 -18"><span class='ocrx_word' id='word_1_135' title='bbox 270 1646 372 1698; x_wconf 87' lang='grc'>116</span> <span class='ocrx_word' id='word_1_136' title='bbox 414 1644 584 1715; x_wconf 68' lang='lat'>[220]</span> <span class='ocrx_word' id='word_1_137' title='bbox 645 1644 819 1697; x_wconf 89' lang='lat' dir='ltr'>Varro</span> <span class='ocrx_word' id='word_1_138' title='bbox 868 1644 925 1695; x_wconf 90' lang='lat' dir='ltr'>in</span> <span class='ocrx_word' id='word_1_139' title='bbox 974 1644 1128 1697; x_wconf 89' lang='lat' dir='ltr'>libris</span> <span class='ocrx_word' id='word_1_140' title='bbox 1169 1644 1573 1712; x_wconf 88' lang='lat' dir='ltr'>disciplinarum</span> <span class='ocrx_word' id='word_1_141' title='bbox 1615 1644 1827 1711; x_wconf 87' lang='lat' dir='ltr'>scripsit</span> <span class='ocrx_word' id='word_1_142' title='bbox 1867 1645 2179 1699; x_wconf 86' lang='lat' dir='ltr'>observasse</span> <span class='ocrx_word' id='word_1_143' title='bbox 2229 1665 2341 1699; x_wconf 87' lang='lat' dir='ltr'>sese</span> <span class='ocrx_word' id='word_1_144' title='bbox 2393 1646 2444 1698; x_wconf 89' lang='lat' dir='ltr'>in</span> 
     </span>
     <span class='ocr_line' id='line_1_18' title="bbox 533 1734 2447 1804; baseline 0.001 -18"><span class='ocrx_word' id='word_1_145' title='bbox 533 1752 691 1786; x_wconf 84' lang='lat' dir='ltr'>versu</span> <span class='ocrx_word' id='word_1_146' title='bbox 736 1734 1063 1803; x_wconf 84' lang='lat' dir='ltr'>hexametrO,</span> <span class='ocrx_word' id='word_1_147' title='bbox 1116 1734 1259 1802; x_wconf 89' lang='lat' dir='ltr'>quod</span> <span class='ocrx_word' id='word_1_148' title='bbox 1310 1734 1618 1786; x_wconf 88' lang='lat' dir='ltr'>omnimodo</span> <span class='ocrx_word' id='word_1_149' title='bbox 1673 1734 1891 1802; x_wconf 89' lang='lat' dir='ltr'>quintus</span> <span class='ocrx_word' id='word_1_150' title='bbox 1943 1734 2172 1804; x_wconf 87' lang='lat' dir='ltr'>semipes</span> <span class='ocrx_word' id='word_1_151' title='bbox 2226 1736 2447 1788; x_wconf 87' lang='lat' dir='ltr'>verbum</span> 
     </span>
     <span class='ocr_line' id='line_1_19' title="bbox 529 1822 2449 1894; baseline 0.001 -19"><span class='ocrx_word' id='word_1_152' title='bbox 529 1823 711 1876; x_wconf 88' lang='lat' dir='ltr'>finiret</span> <span class='ocrx_word' id='word_1_153' title='bbox 751 1826 804 1875; x_wconf 91' lang='lat' dir='ltr'>et</span> <span class='ocrx_word' id='word_1_154' title='bbox 837 1822 982 1892; x_wconf 91' lang='lat' dir='ltr'>quod</span> <span class='ocrx_word' id='word_1_155' title='bbox 1020 1823 1227 1892; x_wconf 88' lang='lat' dir='ltr'>priores</span> <span class='ocrx_word' id='word_1_156' title='bbox 1262 1823 1501 1892; x_wconf 90' lang='lat' dir='ltr'>quinque</span> <span class='ocrx_word' id='word_1_157' title='bbox 1535 1822 1831 1892; x_wconf 87' lang='lat' dir='ltr'>semipedes</span> <span class='ocrx_word' id='word_1_158' title='bbox 1863 1842 2029 1891; x_wconf 89' lang='lat' dir='ltr'>aeque</span> <span class='ocrx_word' id='word_1_159' title='bbox 2060 1842 2308 1894; x_wconf 82' lang='lat' dir='ltr'>magnam</span> <span class='ocrx_word' id='word_1_160' title='bbox 2340 1824 2449 1876; x_wconf 87' lang='lat' dir='ltr'>vim</span> 
     </span>
     <span class='ocr_line' id='line_1_20' title="bbox 530 1911 2449 1980; baseline -0.001 -15"><span class='ocrx_word' id='word_1_161' title='bbox 530 1912 789 1966; x_wconf 90' lang='lat' dir='ltr'>haberent</span> <span class='ocrx_word' id='word_1_162' title='bbox 841 1912 896 1964; x_wconf 93' lang='lat' dir='ltr'>in</span> <span class='ocrx_word' id='word_1_163' title='bbox 950 1911 1228 1964; x_wconf 90' lang='lat' dir='ltr'>efficiendo</span> <span class='ocrx_word' id='word_1_164' title='bbox 1283 1929 1439 1964; x_wconf 84' lang='lat' dir='ltr'>versu</span> <span class='ocrx_word' id='word_1_165' title='bbox 1490 1915 1651 1980; x_wconf 87' lang='lat' dir='ltr'>atque</span> <span class='ocrx_word' id='word_1_166' title='bbox 1703 1911 1793 1963; x_wconf 89' lang='lat' dir='ltr'>alii</span> <span class='ocrx_word' id='word_1_167' title='bbox 1843 1911 2170 1980; x_wconf 87' lang='lat' dir='ltr'>posteriores</span> <span class='ocrx_word' id='word_1_168' title='bbox 2223 1914 2449 1980; x_wconf 89' lang='lat' dir='ltr'>septem:</span> 
     </span>
     <span class='ocr_line' id='line_1_21' title="bbox 531 2000 2518 2071; baseline 0.001 -18"><span class='ocrx_word' id='word_1_169' title='bbox 531 2001 691 2071; x_wconf 90' lang='lat' dir='ltr'>idque</span> <span class='ocrx_word' id='word_1_170' title='bbox 733 2001 908 2070; x_wconf 89' lang='lat' dir='ltr'>ipsum</span> <span class='ocrx_word' id='word_1_171' title='bbox 952 2001 1159 2053; x_wconf 90' lang='lat' dir='ltr'>ratione</span> <span class='ocrx_word' id='word_1_172' title='bbox 1200 2000 1428 2068; x_wconf 87' lang='lat' dir='ltr'>quadam</span> <span class='ocrx_word' id='word_1_173' title='bbox 1468 2001 1793 2071; x_wconf 87' lang='lat' dir='ltr'>geometrica</span> <span class='ocrx_word' id='word_1_174' title='bbox 1831 2000 1946 2053; x_wconf 89' lang='lat' dir='ltr'>fieri</span> <span class='ocrx_word' id='word_1_175' title='bbox 1988 2000 2215 2053; x_wconf 89' lang='lat' dir='ltr'>disserit.</span> <span class='ocrx_word' id='word_1_176' title='bbox 2476 2023 2518 2055; x_wconf 80' lang='lat'>20</span> 
     </span>
    </p>
   </div>
   <div class='ocr_carea' id='block_1_3' title="bbox 802 2310 1919 2366">
    <p class='ocr_par' dir='ltr' id='par_1_3' title="bbox 802 2310 1919 2366">
     <span class='ocr_line' id='line_1_22' title="bbox 802 2310 1919 2366; baseline -0.003 0"><span class='ocrx_word' id='word_1_177' title='bbox 802 2311 883 2366; x_wconf 91' lang='lat' dir='ltr'>IN</span> <span class='ocrx_word' id='word_1_178' title='bbox 887 2311 1172 2365; x_wconf 79' lang='lat' dir='ltr'><strong>OERTAE</strong></span> <span class='ocrx_word' id='word_1_179' title='bbox 1217 2311 1421 2365; x_wconf 79' lang='lat' dir='ltr'>SEDIS</span> <span class='ocrx_word' id='word_1_180' title='bbox 1462 2310 1919 2364; x_wconf 82' lang='lat' dir='ltr'><strong>FRAGMENTA</strong></span> 
     </span>
    </p>
   </div>
   <div class='ocr_carea' id='block_1_4' title="bbox 436 2413 2272 2559">
    <p class='ocr_par' dir='ltr' id='par_1_4' title="bbox 436 2413 2272 2559">
     <span class='ocr_line' id='line_1_23' title="bbox 1165 2413 1562 2457; baseline 0 0"><span class='ocrx_word' id='word_1_181' title='bbox 1165 2413 1450 2457; x_wconf 75' lang='lat' dir='ltr'><strong>PRAETER</strong></span> <span class='ocrx_word' id='word_1_182' title='bbox 1481 2414 1562 2457; x_wconf 85' lang='lat' dir='ltr'>EA</span> 
     </span>
     <span class='ocr_line' id='line_1_24' title="bbox 436 2500 2272 2559; baseline -0.003 -9"><span class='ocrx_word' id='word_1_183' title='bbox 436 2505 598 2559; x_wconf 87' lang='lat' dir='ltr'><strong>QVAE</strong></span> <span class='ocrx_word' id='word_1_184' title='bbox 633 2504 952 2548; x_wconf 85' lang='lat' dir='ltr'><strong>STELLVLIS</strong></span> <span class='ocrx_word' id='word_1_185' title='bbox 985 2503 1226 2548; x_wconf 82' lang='lat' dir='ltr'><strong>DVABVS</strong></span> <span class='ocrx_word' id='word_1_186' title='bbox 1261 2502 1643 2547; x_wconf 80' lang='lat' dir='ltr'><strong>SIGNIFICATA</strong></span> <span class='ocrx_word' id='word_1_187' title='bbox 1677 2502 1870 2546; x_wconf 85' lang='lat' dir='ltr'><strong>SVPRA</strong></span> <span class='ocrx_word' id='word_1_188' title='bbox 1902 2500 2272 2545; x_wconf 83' lang='lat' dir='ltr'><strong>INSERVIMVS</strong></span> 
     </span>
    </p>
   </div>
   <div class='ocr_carea' id='block_1_5' title="bbox 274 2607 2518 2770">
    <p class='ocr_par' dir='ltr' id='par_1_5' title="bbox 274 2607 2518 2770">
     <span class='ocr_line' id='line_1_25' title="bbox 274 2607 2451 2683; baseline -0.003 -18"><span class='ocrx_word' id='word_1_189' title='bbox 274 2613 374 2665; x_wconf 80' lang='lat'>117</span> <span class='ocrx_word' id='word_1_190' title='bbox 411 2611 584 2683; x_wconf 66' lang='lat'><strong>[233]</strong></span> <span class='ocrx_word' id='word_1_191' title='bbox 647 2612 782 2666; x_wconf 90' lang='lat' dir='ltr'>scire</span> <span class='ocrx_word' id='word_1_192' title='bbox 824 2611 1075 2664; x_wconf 89' lang='lat' dir='ltr'>debemus</span> <span class='ocrx_word' id='word_1_193' title='bbox 1111 2654 1120 2663; x_wconf 89' lang='lat'><strong>.</strong></span> <span class='ocrx_word' id='word_1_194' title='bbox 1156 2654 1164 2662; x_wconf 94' lang='lat'><strong><em>.</em></strong></span> <span class='ocrx_word' id='word_1_195' title='bbox 1200 2654 1209 2663; x_wconf 93' lang='lat'><strong>.</strong></span> <span class='ocrx_word' id='word_1_196' title='bbox 1243 2610 1494 2662; x_wconf 88' lang='lat' dir='ltr'>utilitatis</span> <span class='ocrx_word' id='word_1_197' title='bbox 1532 2609 1757 2663; x_wconf 86' lang='lat' dir='ltr'>alicuius</span> <span class='ocrx_word' id='word_1_198' title='bbox 1791 2627 1950 2662; x_wconf 85' lang='lat' dir='ltr'>causa</span> <span class='ocrx_word' id='word_1_199' title='bbox 1983 2607 2221 2661; x_wconf 91' lang='lat' dir='ltr'>omnium</span> <span class='ocrx_word' id='word_1_200' title='bbox 2255 2608 2451 2660; x_wconf 87' lang='lat' dir='ltr'>artium</span> 
     </span>
     <span class='ocr_line' id='line_1_26' title="bbox 534 2696 2518 2770; baseline -0.003 -17"><span class='ocrx_word' id='word_1_201' title='bbox 534 2702 777 2754; x_wconf 87' lang='lat' dir='ltr'>extitisse</span> <span class='ocrx_word' id='word_1_202' title='bbox 815 2701 1096 2770; x_wconf 88' lang='lat' dir='ltr'>principia.</span> <span class='ocrx_word' id='word_1_203' title='bbox 1167 2717 1252 2751; x_wconf 85' lang='lat' dir='ltr'>ars</span> <span class='ocrx_word' id='word_1_204' title='bbox 1293 2717 1418 2752; x_wconf 86' lang='lat' dir='ltr'>vero</span> <span class='ocrx_word' id='word_1_205' title='bbox 1460 2699 1602 2752; x_wconf 85' lang='lat' dir='ltr'>dicta</span> <span class='ocrx_word' id='word_1_206' title='bbox 1642 2702 1738 2767; x_wconf 89' lang='lat' dir='ltr'>est,</span> <span class='ocrx_word' id='word_1_207' title='bbox 1778 2698 1921 2767; x_wconf 92' lang='lat' dir='ltr'>quod</span> <span class='ocrx_word' id='word_1_208' title='bbox 1960 2716 2058 2750; x_wconf 88' lang='lat' dir='ltr'>nos</span> <span class='ocrx_word' id='word_1_209' title='bbox 2100 2698 2210 2748; x_wconf 88' lang='lat' dir='ltr'>suis</span> <span class='ocrx_word' id='word_1_210' title='bbox 2250 2696 2451 2767; x_wconf 90' lang='lat' dir='ltr'>regulis</span> <span class='ocrx_word' id='word_1_211' title='bbox 2477 2710 2518 2742; x_wconf 79' lang='lat'>25</span> 
     </span>
    </p>
   </div>
   <div class='ocr_carea' id='block_1_6' title="bbox 451 2826 619 2829">
    <p class='ocr_par' dir='ltr' id='par_1_6' title="bbox 451 2826 619 2829">
     <span class='ocr_line' id='line_1_27' title="bbox 451 2826 619 2829; baseline 0 0"><span class='ocrx_word' id='word_1_212' title='bbox 451 2826 619 2829; x_wconf 95' lang='lat' dir='ltr'> </span> 
     </span>
    </p>
   </div>
   <div class='ocr_carea' id='block_1_7' title="bbox 267 2886 2460 3427">
    <p class='ocr_par' dir='ltr' id='par_1_7' title="bbox 267 2886 2460 3427">
     <span class='ocr_line' id='line_1_28' title="bbox 417 2886 2451 2948; baseline -0.004 -10"><span class='ocrx_word' id='word_1_213' title='bbox 417 2898 471 2937; x_wconf 90' lang='grc'>16</span> <span class='ocrx_word' id='word_1_214' title='bbox 507 2894 620 2938; x_wconf 71' lang='lat' dir='ltr'>Gall.</span> <span class='ocrx_word' id='word_1_215' title='bbox 647 2894 841 2937; x_wconf 88' lang='lat' dir='ltr'><strong><em>XVIII</em></strong></span> <span class='ocrx_word' id='word_1_216' title='bbox 867 2896 986 2946; x_wconf 78' lang='lat'>15,2</span> <span class='ocrx_word' id='word_1_217' title='bbox 1017 2892 1083 2948; x_wconf 87' lang='lat' dir='ltr'>(in</span> <span class='ocrx_word' id='word_1_218' title='bbox 1127 2891 1279 2947; x_wconf 83' lang='lat' dir='ltr'>longis</span> <span class='ocrx_word' id='word_1_219' title='bbox 1314 2889 1520 2933; x_wconf 89' lang='lat' dir='ltr'>versibus</span> <span class='ocrx_word' id='word_1_220' title='bbox 1560 2889 1641 2945; x_wconf 88' lang='lat' dir='ltr'>qui</span> <span class='ocrx_word' id='word_1_221' title='bbox 1684 2888 1943 2932; x_wconf 85' lang='lat' dir='ltr'>hexametri</span> <span class='ocrx_word' id='word_1_222' title='bbox 1974 2888 2211 2941; x_wconf 88' lang='lat' dir='ltr'>vocantur,</span> <span class='ocrx_word' id='word_1_223' title='bbox 2244 2886 2358 2930; x_wconf 89' lang='lat' dir='ltr'>item</span> <span class='ocrx_word' id='word_1_224' title='bbox 2402 2887 2451 2929; x_wconf 91' lang='lat' dir='ltr'>in</span> 
     </span>
     <span class='ocr_line' id='line_1_29' title="bbox 267 2946 2452 3006; baseline -0.003 -9"><span class='ocrx_word' id='word_1_225' title='bbox 267 2953 464 2997; x_wconf 88' lang='lat' dir='ltr'>senariis</span> <span class='ocrx_word' id='word_1_226' title='bbox 498 2953 928 2996; x_wconf 85' lang='lat' dir='ltr'>animadverterunt</span> <span class='ocrx_word' id='word_1_227' title='bbox 958 2951 1141 2994; x_wconf 88' lang='lat' dir='ltr'>metrici</span> <span class='ocrx_word' id='word_1_228' title='bbox 1172 2950 1346 3006; x_wconf 89' lang='lat' dir='ltr'>primos</span> <span class='ocrx_word' id='word_1_229' title='bbox 1379 2949 1493 2993; x_wconf 88' lang='lat' dir='ltr'>duos</span> <span class='ocrx_word' id='word_1_230' title='bbox 1524 2949 1680 3005; x_wconf 83' lang='lat' dir='ltr'>pedes,</span> <span class='ocrx_word' id='word_1_231' title='bbox 1712 2948 1826 2991; x_wconf 90' lang='lat' dir='ltr'>item</span> <span class='ocrx_word' id='word_1_232' title='bbox 1859 2949 2086 2991; x_wconf 86' lang='lat' dir='ltr'>extremos</span> <span class='ocrx_word' id='word_1_233' title='bbox 2119 2946 2248 3001; x_wconf 86' lang='lat' dir='ltr'>duos,</span> <span class='ocrx_word' id='word_1_234' title='bbox 2280 2946 2452 2990; x_wconf 88' lang='lat' dir='ltr'>habere</span> 
     </span>
     <span class='ocr_line' id='line_1_30' title="bbox 267 3005 2451 3069; baseline -0.003 -14"><span class='ocrx_word' id='word_1_235' title='bbox 267 3012 478 3069; x_wconf 83' lang='lat' dir='ltr'>singulos</span> <span class='ocrx_word' id='word_1_236' title='bbox 509 3025 647 3069; x_wconf 89' lang='lat' dir='ltr'>posse</span> <span class='ocrx_word' id='word_1_237' title='bbox 679 3012 888 3067; x_wconf 86' lang='lat' dir='ltr'>integras</span> <span class='ocrx_word' id='word_1_238' title='bbox 913 3013 1072 3067; x_wconf 88' lang='lat' dir='ltr'>partes</span> <span class='ocrx_word' id='word_1_239' title='bbox 1097 3009 1321 3053; x_wconf 86' lang='lat' dir='ltr'>orationis</span> <span class='ocrx_word' id='word_1_240' title='bbox 1349 3043 1357 3051; x_wconf 96' lang='lat'><strong>.</strong></span> <span class='ocrx_word' id='word_1_241' title='bbox 1387 3043 1394 3051; x_wconf 93' lang='lat'><strong><em>.</em></strong></span> <span class='ocrx_word' id='word_1_242' title='bbox 1423 3043 1431 3051; x_wconf 92' lang='lat'>.</span> <span class='ocrx_word' id='word_1_243' title='bbox 1457 3008 1519 3051; x_wconf 87' lang='lat' dir='ltr'>M.</span> <span class='ocrx_word' id='word_1_244' title='bbox 1545 3007 1689 3052; x_wconf 87' lang='lat' dir='ltr'>etiam</span> <span class='ocrx_word' id='word_1_245' title='bbox 1712 3007 1859 3050; x_wconf 81' lang='lat' dir='ltr'>Varro</span> <span class='ocrx_word' id='word_1_246' title='bbox 1886 3040 1895 3049; x_wconf 89' lang='lat'><strong>.</strong></span> <span class='ocrx_word' id='word_1_247' title='bbox 1925 3042 1933 3050; x_wconf 95' lang='lat'>.</span> <span class='ocrx_word' id='word_1_248' title='bbox 1961 3041 1970 3050; x_wconf 88' lang='lat'><strong>.</strong></span> <span class='ocrx_word' id='word_1_249' title='bbox 1997 3006 2201 3060; x_wconf 87' lang='lat' dir='ltr'>disserit)</span> <span class='ocrx_word' id='word_1_250' title='bbox 2226 3007 2239 3062; x_wconf 79' lang='grc' dir='ltr'><strong>Η</strong></span> <span class='ocrx_word' id='word_1_251' title='bbox 2264 3009 2321 3048; x_wconf 84' lang='grc'>24</span> <span class='ocrx_word' id='word_1_252' title='bbox 2349 3005 2451 3050; x_wconf 74' lang='lat' dir='ltr'>GL.</span> 
     </span>
     <span class='ocr_line' id='line_1_31' title="bbox 277 3064 2460 3128; baseline -0.004 -12"><span class='ocrx_word' id='word_1_253' title='bbox 277 3072 380 3116; x_wconf 91' lang='lat' dir='ltr'>VII</span> <span class='ocrx_word' id='word_1_254' title='bbox 401 3075 508 3126; x_wconf 80' lang='lat'>213,</span> <span class='ocrx_word' id='word_1_255' title='bbox 527 3076 585 3116; x_wconf 89' lang='lat'>10</span> <span class='ocrx_word' id='word_1_256' title='bbox 616 3071 750 3128; x_wconf 89' lang='lat' dir='ltr'>(scire</span> <span class='ocrx_word' id='word_1_257' title='bbox 784 3072 942 3114; x_wconf 86' lang='lat' dir='ltr'>autem</span> <span class='ocrx_word' id='word_1_258' title='bbox 974 3070 1209 3121; x_wconf 77' lang='lat' dir='ltr'>debemus,</span> <span class='ocrx_word' id='word_1_259' title='bbox 1244 3068 1365 3111; x_wconf 90' lang='lat' dir='ltr'>sicut</span> <span class='ocrx_word' id='word_1_260' title='bbox 1395 3067 1543 3111; x_wconf 84' lang='lat' dir='ltr'>Varro</span> <span class='ocrx_word' id='word_1_261' title='bbox 1577 3067 1704 3120; x_wconf 84' lang='lat' dir='ltr'>dicit,</span> <span class='ocrx_word' id='word_1_262' title='bbox 1737 3065 1959 3110; x_wconf 87' lang='lat' dir='ltr'>utilitatis</span> <span class='ocrx_word' id='word_1_263' title='bbox 1988 3101 1996 3109; x_wconf 92' lang='lat'>.</span> <span class='ocrx_word' id='word_1_264' title='bbox 2023 3101 2033 3110; x_wconf 92' lang='lat'><em>.</em></span> <span class='ocrx_word' id='word_1_265' title='bbox 2061 3100 2070 3109; x_wconf 90' lang='lat'><strong>.</strong></span> <span class='ocrx_word' id='word_1_266' title='bbox 2095 3066 2280 3121; x_wconf 85' lang='lat' dir='ltr'>vocant)</span> <span class='ocrx_word' id='word_1_267' title='bbox 2290 3082 2306 3119; x_wconf 90' lang='lat'><em>;</em></span> <span class='ocrx_word' id='word_1_268' title='bbox 2337 3064 2394 3119; x_wconf 82' lang='lat' dir='ltr'>cf.</span> <span class='ocrx_word' id='word_1_269' title='bbox 2425 3066 2460 3108; x_wconf 93' lang='lat' dir='ltr'><strong><em>I</em></strong></span> 
     </span>
     <span class='ocr_line' id='line_1_32' title="bbox 267 3125 2451 3188; baseline -0.004 -13"><span class='ocrx_word' id='word_1_270' title='bbox 267 3134 416 3185; x_wconf 80' lang='lat'>421,4</span> <span class='ocrx_word' id='word_1_271' title='bbox 448 3133 539 3188; x_wconf 86' lang='lat' dir='ltr'>(ars</span> <span class='ocrx_word' id='word_1_272' title='bbox 573 3133 644 3175; x_wconf 89' lang='lat' dir='ltr'>est</span> <span class='ocrx_word' id='word_1_273' title='bbox 674 3130 743 3174; x_wconf 87' lang='lat' dir='ltr'>rei</span> <span class='ocrx_word' id='word_1_274' title='bbox 775 3130 999 3185; x_wconf 88' lang='lat' dir='ltr'>cuiusque</span> <span class='ocrx_word' id='word_1_275' title='bbox 1031 3128 1228 3172; x_wconf 86' lang='lat' dir='ltr'>scientia</span> <span class='ocrx_word' id='word_1_276' title='bbox 1259 3142 1345 3171; x_wconf 90' lang='lat' dir='ltr'>usu</span> <span class='ocrx_word' id='word_1_277' title='bbox 1378 3126 1449 3170; x_wconf 90' lang='lat' dir='ltr'>vel</span> <span class='ocrx_word' id='word_1_278' title='bbox 1492 3126 1746 3170; x_wconf 85' lang='lat' dir='ltr'>traditione</span> <span class='ocrx_word' id='word_1_279' title='bbox 1779 3125 1852 3168; x_wconf 91' lang='lat' dir='ltr'>vel</span> <span class='ocrx_word' id='word_1_280' title='bbox 1881 3125 2066 3169; x_wconf 86' lang='lat' dir='ltr'>ratione</span> <span class='ocrx_word' id='word_1_281' title='bbox 2097 3127 2319 3181; x_wconf 86' lang='lat' dir='ltr'>percepta</span> <span class='ocrx_word' id='word_1_282' title='bbox 2350 3126 2451 3167; x_wconf 89' lang='lat' dir='ltr'>ten-</span> 
     </span>
     <span class='ocr_line' id='line_1_33' title="bbox 268 3184 2450 3245; baseline -0.003 -12"><span class='ocrx_word' id='word_1_283' title='bbox 268 3189 382 3233; x_wconf 89' lang='lat' dir='ltr'>dens</span> <span class='ocrx_word' id='word_1_284' title='bbox 427 3190 487 3233; x_wconf 87' lang='lat' dir='ltr'>ad</span> <span class='ocrx_word' id='word_1_285' title='bbox 529 3205 665 3233; x_wconf 90' lang='lat' dir='ltr'>usum</span> <span class='ocrx_word' id='word_1_286' title='bbox 709 3188 914 3245; x_wconf 88' lang='lat' dir='ltr'>aliquem</span> <span class='ocrx_word' id='word_1_287' title='bbox 958 3188 1081 3231; x_wconf 87' lang='lat' dir='ltr'>vitae</span> <span class='ocrx_word' id='word_1_288' title='bbox 1125 3186 1436 3230; x_wconf 87' lang='lat' dir='ltr'>necessarium</span> <span class='ocrx_word' id='word_1_289' title='bbox 1471 3222 1478 3230; x_wconf 91' lang='lat'><em>.</em></span> <span class='ocrx_word' id='word_1_290' title='bbox 1514 3223 1522 3229; x_wconf 89' lang='lat'><strong>.</strong></span> <span class='ocrx_word' id='word_1_291' title='bbox 1562 3221 1568 3229; x_wconf 90' lang='lat'>.</span> <span class='ocrx_word' id='word_1_292' title='bbox 1604 3200 1678 3229; x_wconf 87' lang='lat' dir='ltr'>ars</span> <span class='ocrx_word' id='word_1_293' title='bbox 1722 3185 1849 3228; x_wconf 88' lang='lat' dir='ltr'>dicta</span> <span class='ocrx_word' id='word_1_294' title='bbox 1889 3184 2013 3240; x_wconf 89' lang='lat' dir='ltr'>quod</span> <span class='ocrx_word' id='word_1_295' title='bbox 2056 3186 2156 3227; x_wconf 87' lang='lat' dir='ltr'>arto</span> <span class='ocrx_word' id='word_1_296' title='bbox 2200 3185 2450 3240; x_wconf 84' lang='lat' dir='ltr'>praecepto</span> 
     </span>
     <span class='ocr_line' id='line_1_34' title="bbox 269 3241 2451 3306; baseline -0.004 -13"><span class='ocrx_word' id='word_1_297' title='bbox 269 3249 454 3306; x_wconf 85' lang='lat' dir='ltr'>singula</span> <span class='ocrx_word' id='word_1_298' title='bbox 487 3249 681 3293; x_wconf 88' lang='lat' dir='ltr'>definiat</span> <span class='ocrx_word' id='word_1_299' title='bbox 715 3284 723 3292; x_wconf 92' lang='lat'><em>.</em></span> <span class='ocrx_word' id='word_1_300' title='bbox 750 3283 758 3291; x_wconf 91' lang='lat'>.</span> <span class='ocrx_word' id='word_1_301' title='bbox 788 3283 797 3292; x_wconf 93' lang='lat'><em>.</em></span> <span class='ocrx_word' id='word_1_302' title='bbox 830 3248 902 3292; x_wconf 89' lang='lat' dir='ltr'>vel</span> <span class='ocrx_word' id='word_1_303' title='bbox 936 3246 1028 3291; x_wconf 81' lang='grc' dir='ltr'>ἀπὸ</span> <span class='ocrx_word' id='word_1_304' title='bbox 1061 3254 1141 3304; x_wconf 84' lang='grc' dir='ltr'>τῆς</span> <span class='ocrx_word' id='word_1_305' title='bbox 1173 3248 1350 3303; x_wconf 83' lang='grc' dir='ltr'><strong><em>ἀρετῆς,</em></strong></span> <span class='ocrx_word' id='word_1_306' title='bbox 1383 3245 1506 3288; x_wconf 91' lang='lat' dir='ltr'>unde</span> <span class='ocrx_word' id='word_1_307' title='bbox 1537 3248 1717 3289; x_wconf 83' lang='lat' dir='ltr'>veteres</span> <span class='ocrx_word' id='word_1_308' title='bbox 1750 3246 1898 3288; x_wconf 89' lang='lat' dir='ltr'>artem</span> <span class='ocrx_word' id='word_1_309' title='bbox 1930 3257 2014 3300; x_wconf 91' lang='lat' dir='ltr'>pro</span> <span class='ocrx_word' id='word_1_310' title='bbox 2038 3243 2212 3287; x_wconf 84' lang='lat' dir='ltr'>virtute</span> <span class='ocrx_word' id='word_1_311' title='bbox 2246 3241 2451 3299; x_wconf 86' lang='lat' dir='ltr'>appella-</span> 
     </span>
     <span class='ocr_line' id='line_1_35' title="bbox 268 3303 2453 3365; baseline -0.003 -13"><span class='ocrx_word' id='word_1_312' title='bbox 268 3307 426 3365; x_wconf 82' lang='lat' dir='ltr'>bant),·</span> <span class='ocrx_word' id='word_1_313' title='bbox 479 3309 559 3352; x_wconf 91' lang='lat' dir='ltr'>IV</span> <span class='ocrx_word' id='word_1_314' title='bbox 585 3312 747 3363; x_wconf 83' lang='lat'>47,16.</span> <span class='ocrx_word' id='word_1_315' title='bbox 787 3312 899 3362; x_wconf 80' lang='lat'>405,</span> <span class='ocrx_word' id='word_1_316' title='bbox 924 3310 980 3361; x_wconf 79' lang='grc'>2,·</span> <span class='ocrx_word' id='word_1_317' title='bbox 1021 3308 1064 3350; x_wconf 92' lang='lat' dir='ltr'><strong>V</strong></span> <span class='ocrx_word' id='word_1_318' title='bbox 1089 3310 1172 3359; x_wconf 85' lang='lat'>95,</span> <span class='ocrx_word' id='word_1_319' title='bbox 1196 3309 1248 3359; x_wconf 84' lang='lat'>4;</span> <span class='ocrx_word' id='word_1_320' title='bbox 1291 3306 1362 3348; x_wconf 92' lang='lat' dir='ltr'>VI</span> <span class='ocrx_word' id='word_1_321' title='bbox 1387 3308 1438 3359; x_wconf 87' lang='lat'>3,</span> <span class='ocrx_word' id='word_1_322' title='bbox 1465 3308 1504 3348; x_wconf 87' lang='lat'>7.</span> <span class='ocrx_word' id='word_1_323' title='bbox 1540 3308 1645 3358; x_wconf 79' lang='lat'>187,</span> <span class='ocrx_word' id='word_1_324' title='bbox 1668 3307 1725 3358; x_wconf 79' lang='grc'>2,·</span> <span class='ocrx_word' id='word_1_325' title='bbox 1767 3305 1869 3348; x_wconf 91' lang='lat' dir='ltr'>VII</span> <span class='ocrx_word' id='word_1_326' title='bbox 1894 3306 2006 3357; x_wconf 78' lang='lat'>320,</span> <span class='ocrx_word' id='word_1_327' title='bbox 2033 3306 2086 3357; x_wconf 89' lang='lat'>5;</span> <span class='ocrx_word' id='word_1_328' title='bbox 2117 3303 2230 3347; x_wconf 80' lang='lat' dir='ltr'>Isid.</span> <span class='ocrx_word' id='word_1_329' title='bbox 2264 3303 2299 3346; x_wconf 95' lang='lat' dir='ltr'><strong><em>I</em></strong></span> <span class='ocrx_word' id='word_1_330' title='bbox 2323 3306 2372 3356; x_wconf 91' lang='lat'>1,</span> <span class='ocrx_word' id='word_1_331' title='bbox 2395 3304 2453 3356; x_wconf 79' lang='lat'>2;</span> 
     </span>
     <span class='ocr_line' id='line_1_36' title="bbox 268 3367 1198 3427; baseline -0.002 -16"><span class='ocrx_word' id='word_1_332' title='bbox 268 3368 518 3427; x_wconf 75' lang='lat' dir='ltr'>Auyustin.</span> <span class='ocrx_word' id='word_1_333' title='bbox 552 3369 604 3414; x_wconf 80' lang='lat' dir='ltr'>de</span> <span class='ocrx_word' id='word_1_334' title='bbox 634 3382 669 3413; x_wconf 88' lang='lat' dir='ltr'>c.</span> <span class='ocrx_word' id='word_1_335' title='bbox 705 3368 747 3411; x_wconf 84' lang='lat' dir='ltr'>d.</span> <span class='ocrx_word' id='word_1_336' title='bbox 782 3368 863 3411; x_wconf 90' lang='lat' dir='ltr'>IV</span> <span class='ocrx_word' id='word_1_337' title='bbox 887 3371 959 3411; x_wconf 72' lang='lat'>21.</span> <span class='ocrx_word' id='word_1_338' title='bbox 995 3367 1127 3410; x_wconf 91' lang='lat' dir='ltr'>XIX</span> <span class='ocrx_word' id='word_1_339' title='bbox 1158 3369 1198 3409; x_wconf 88' lang='lat'>3.</span> 
     </span>
    </p>
   </div>
   <div class='ocr_carea' id='block_1_8' title="bbox 306 3485 587 3489">
    <p class='ocr_par' dir='ltr' id='par_1_8' title="bbox 306 3485 587 3489">
     <span class='ocr_line' id='line_1_37' title="bbox 306 3485 587 3489; baseline 0 0"><span class='ocrx_word' id='word_1_340' title='bbox 306 3485 587 3489; x_wconf 95' lang='lat' dir='ltr'> </span> 
     </span>
    </p>
   </div>
   <div class='ocr_carea' id='block_1_9' title="bbox 270 3553 2454 3845">
    <p class='ocr_par' dir='ltr' id='par_1_9' title="bbox 270 3553 2454 3845">
     <span class='ocr_line' id='line_1_38' title="bbox 419 3553 2453 3620; baseline -0.006 -12"><span class='ocrx_word' id='word_1_341' title='bbox 419 3569 442 3607; x_wconf 93' lang='lat'>1</span> <span class='ocrx_word' id='word_1_342' title='bbox 478 3562 662 3620; x_wconf 89' lang='lat' dir='ltr'>accepit</span> <span class='ocrx_word' id='word_1_343' title='bbox 692 3563 760 3606; x_wconf 84' lang='lat' dir='ltr'>vel</span> <span class='ocrx_word' id='word_1_344' title='bbox 802 3559 977 3616; x_wconf 84' lang='lat' dir='ltr'>accipit</span> <span class='ocrx_word' id='word_1_345' title='bbox 1022 3562 1036 3616; x_wconf 76' lang='lat' dir='ltr'>ss</span> <span class='ocrx_word' id='word_1_346' title='bbox 1083 3564 1108 3602; x_wconf 79' lang='lat'><strong>2</strong></span> <span class='ocrx_word' id='word_1_347' title='bbox 1141 3571 1224 3615; x_wconf 91' lang='lat' dir='ltr'>pro</span> <span class='ocrx_word' id='word_1_348' title='bbox 1258 3571 1311 3601; x_wconf 92' lang='lat' dir='ltr'>eo</span> <span class='ocrx_word' id='word_1_349' title='bbox 1344 3556 1469 3613; x_wconf 90' lang='lat' dir='ltr'>quod</span> <span class='ocrx_word' id='word_1_350' title='bbox 1499 3558 1567 3601; x_wconf 82' lang='lat' dir='ltr'>vel</span> <span class='ocrx_word' id='word_1_351' title='bbox 1609 3555 1734 3612; x_wconf 89' lang='lat' dir='ltr'>quod</span> <span class='ocrx_word' id='word_1_352' title='bbox 1780 3557 1794 3612; x_wconf 87' lang='grc' dir='ltr'>ΙΙ</span> <span class='ocrx_word' id='word_1_353' title='bbox 1841 3559 1948 3611; x_wconf 79' lang='lat' dir='ltr'><strong><em>48q.</em></strong></span> <span class='ocrx_word' id='word_1_354' title='bbox 1980 3555 2051 3599; x_wconf 90' lang='lat' dir='ltr'>est</span> <span class='ocrx_word' id='word_1_355' title='bbox 2090 3567 2241 3610; x_wconf 85' lang='lat' dir='ltr'>neque</span> <span class='ocrx_word' id='word_1_356' title='bbox 2272 3553 2339 3598; x_wconf 80' lang='lat' dir='ltr'>vel</span> <span class='ocrx_word' id='word_1_357' title='bbox 2381 3554 2453 3596; x_wconf 85' lang='lat' dir='ltr'>est</span> 
     </span>
     <span class='ocr_line' id='line_1_39' title="bbox 270 3613 2452 3676; baseline -0.005 -9"><span class='ocrx_word' id='word_1_358' title='bbox 270 3624 526 3667; x_wconf 87' lang='lat' dir='ltr'>secundum</span> <span class='ocrx_word' id='word_1_359' title='bbox 556 3621 796 3666; x_wconf 87' lang='lat' dir='ltr'>technicos</span> <span class='ocrx_word' id='word_1_360' title='bbox 827 3632 978 3675; x_wconf 88' lang='lat' dir='ltr'>neque</span> <span class='ocrx_word' id='word_1_361' title='bbox 1006 3621 1011 3676; x_wconf 88' lang='grc' dir='ltr'>Ι</span> <span class='ocrx_word' id='word_1_362' title='bbox 1048 3617 1233 3662; x_wconf 86' lang='lat' dir='ltr'>erudita</span> <span class='ocrx_word' id='word_1_363' title='bbox 1255 3619 1323 3676; x_wconf 64' lang='lat' dir='ltr'>vel</span> <span class='ocrx_word' id='word_1_364' title='bbox 1347 3615 1503 3661; x_wconf 88' lang='lat' dir='ltr'>erudit</span> <span class='ocrx_word' id='word_1_365' title='bbox 1532 3618 1546 3674; x_wconf 83' lang='grc' dir='ltr'>ΙΙ</span> <span class='ocrx_word' id='word_1_366' title='bbox 1578 3620 1604 3659; x_wconf 88' lang='grc'><strong>6</strong></span> <span class='ocrx_word' id='word_1_367' title='bbox 1635 3614 1817 3659; x_wconf 84' lang='lat' dir='ltr'>ratione</span> <span class='ocrx_word' id='word_1_368' title='bbox 1841 3615 1909 3658; x_wconf 83' lang='lat' dir='ltr'>vel</span> <span class='ocrx_word' id='word_1_369' title='bbox 1940 3615 2039 3657; x_wconf 82' lang='lat' dir='ltr'>arte</span> <span class='ocrx_word' id='word_1_370' title='bbox 2067 3614 2072 3669; x_wconf 94' lang='grc' dir='ltr'>Ι</span> <span class='ocrx_word' id='word_1_371' title='bbox 2099 3627 2186 3670; x_wconf 83' lang='lat' dir='ltr'>par</span> <span class='ocrx_word' id='word_1_372' title='bbox 2208 3613 2276 3656; x_wconf 84' lang='lat' dir='ltr'>vel</span> <span class='ocrx_word' id='word_1_373' title='bbox 2306 3625 2414 3668; x_wconf 83' lang='lat' dir='ltr'>pars</span> <span class='ocrx_word' id='word_1_374' title='bbox 2437 3613 2452 3668; x_wconf 84' lang='grc' dir='ltr'>ΙΙ</span> 
     </span>
     <span class='ocr_line' id='line_1_40' title="bbox 273 3671 2451 3735; baseline -0.006 -9"><span class='ocrx_word' id='word_1_375' title='bbox 273 3687 298 3725; x_wconf 79' lang='grc'>7</span> <span class='ocrx_word' id='word_1_376' title='bbox 331 3681 632 3727; x_wconf 82' lang='lat' dir='ltr'>consensione</span> <span class='ocrx_word' id='word_1_377' title='bbox 663 3682 733 3726; x_wconf 80' lang='lat' dir='ltr'>vel</span> <span class='ocrx_word' id='word_1_378' title='bbox 763 3678 1057 3724; x_wconf 84' lang='lat' dir='ltr'>consessione</span> <span class='ocrx_word' id='word_1_379' title='bbox 1087 3679 1101 3735; x_wconf 76' lang='grc' dir='ltr'>ΙΙ</span> <span class='ocrx_word' id='word_1_380' title='bbox 1136 3682 1188 3720; x_wconf 91' lang='grc'>11</span> <span class='ocrx_word' id='word_1_381' title='bbox 1222 3690 1351 3720; x_wconf 84' lang='lat' dir='ltr'>aram</span> <span class='ocrx_word' id='word_1_382' title='bbox 1383 3688 1561 3719; x_wconf 82' lang='lat' dir='ltr'>sacram</span> <span class='ocrx_word' id='word_1_383' title='bbox 1591 3675 1660 3720; x_wconf 82' lang='lat' dir='ltr'>vel</span> <span class='ocrx_word' id='word_1_384' title='bbox 1690 3673 1941 3718; x_wconf 82' lang='lat' dir='ltr'>anchoram</span> <span class='ocrx_word' id='word_1_385' title='bbox 1971 3673 2055 3730; x_wconf 84' lang='lat' dir='ltr'>(vel</span> <span class='ocrx_word' id='word_1_386' title='bbox 2087 3671 2406 3727; x_wconf 87' lang='lat' dir='ltr'>anachortam)</span> <span class='ocrx_word' id='word_1_387' title='bbox 2437 3672 2451 3727; x_wconf 84' lang='grc' dir='ltr'>ΙΙ</span> 
     </span>
     <span class='ocr_line' id='line_1_41' title="bbox 271 3729 2454 3799; baseline -0.006 -12"><span class='ocrx_word' id='word_1_388' title='bbox 271 3746 329 3786; x_wconf 82' lang='grc'><strong>14</strong></span> <span class='ocrx_word' id='word_1_389' title='bbox 360 3743 469 3786; x_wconf 84' lang='lat' dir='ltr'>sunt</span> <span class='ocrx_word' id='word_1_390' title='bbox 499 3743 584 3799; x_wconf 83' lang='lat' dir='ltr'>(vel</span> <span class='ocrx_word' id='word_1_391' title='bbox 608 3741 784 3785; x_wconf 86' lang='lat' dir='ltr'>essent:</span> <span class='ocrx_word' id='word_1_392' title='bbox 813 3753 853 3784; x_wconf 83' lang='lat' dir='ltr'>v.</span> <span class='ocrx_word' id='word_1_393' title='bbox 879 3740 1013 3795; x_wconf 78' lang='lat' dir='ltr'>test.):</span> <span class='ocrx_word' id='word_1_394' title='bbox 1047 3751 1148 3782; x_wconf 84' lang='lat' dir='ltr'>corr</span> <span class='ocrx_word' id='word_1_395' title='bbox 1171 3736 1418 3781; x_wconf 78' lang='lat' dir='ltr'>Putschius</span> <span class='ocrx_word' id='word_1_396' title='bbox 1458 3737 1472 3792; x_wconf 91' lang='grc' dir='ltr'>ΙΙ</span> <span class='ocrx_word' id='word_1_397' title='bbox 1517 3739 1569 3778; x_wconf 83' lang='grc'>17</span> <span class='ocrx_word' id='word_1_398' title='bbox 1604 3746 1704 3778; x_wconf 88' lang='lat' dir='ltr'>sese</span> <span class='ocrx_word' id='word_1_399' title='bbox 1734 3733 1803 3777; x_wconf 80' lang='lat' dir='ltr'>vel</span> <span class='ocrx_word' id='word_1_400' title='bbox 1834 3745 1883 3777; x_wconf 88' lang='lat' dir='ltr'>se</span> <span class='ocrx_word' id='word_1_401' title='bbox 1925 3734 1940 3789; x_wconf 79' lang='grc' dir='ltr'>ΙΙ</span> <span class='ocrx_word' id='word_1_402' title='bbox 1982 3736 2036 3776; x_wconf 80' lang='lat'>21</span> <span class='ocrx_word' id='word_1_403' title='bbox 2070 3729 2355 3788; x_wconf 80' lang='lat' dir='ltr'>geometrica</span> <span class='ocrx_word' id='word_1_404' title='bbox 2384 3730 2454 3775; x_wconf 79' lang='lat' dir='ltr'>vel</span> 
     </span>
     <span class='ocr_line' id='line_1_42' title="bbox 271 3799 548 3845; baseline 0.004 -1"><span class='ocrx_word' id='word_1_405' title='bbox 271 3799 548 3845; x_wconf 85' lang='lat' dir='ltr'>diometrica</span> 
     </span>
    </p>
   </div>
  </div>
 </body>
</html>
