2600 4198
0 1078 3 1103 ἶ

116 1110 158 1143 10

109 1556 150 1588 15

103 2000 146 2032 20

102 2445 142 2477 25

1087 150 1468 195 FRAGMENTA
2259 156 2368 209 207

459 285 640 339 decem
689 288 742 338 et
789 288 992 354 septem
1038 285 1245 339 litteras
1294 286 1654 355 crediderunt,
1705 288 1750 339 si
1797 288 2012 356 quidem
2061 308 2126 341 ex
2173 290 2369 360 viginti

456 372 629 426 tribus
660 391 767 426 una
800 374 1141 443 aspirationis
1173 378 1302 427 nota
1335 379 1415 428 est
1445 374 1513 445 H,
1545 395 1652 428 una
1684 377 1881 445 duplex
1917 376 1983 446 X,
2024 378 2158 431 duae
2190 397 2369 448 super-

455 480 651 515 vacuae
691 461 741 513 K
781 465 834 514 et
874 462 934 532 Q,
973 462 1106 515 duae
1149 462 1378 516 Graecae
1417 464 1468 516 Y
1507 468 1560 517 et
1597 463 1677 536 Z).

194 549 344 603 *³⁸68
380 548 475 622 (43
509 549 707 623 [269]).
769 551 1036 604 lacrumae
1077 571 1140 604 an
1182 551 1449 622 lacrimae,
1488 572 1772 607 maxumus
1813 574 1879 607 an
1926 556 2190 608 maximus
2232 560 2285 608 et
2326 557 2371 609 si

455 658 560 709 qua
607 640 802 693 similia
857 643 983 692 sunt
1035 640 1303 710 quomodo
1358 641 1518 694 scribi
1571 643 1869 712 debe<a>nt
1918 645 2219 712 quaesitum
2273 649 2375 698 est.

453 729 733 781 Terentius
765 729 937 782 Varro
977 729 1200 782 tradidit
1234 729 1511 783 Caesarem
1551 750 1647 801 per
1683 731 1708 784 I
1749 732 1860 784 eius
1900 734 2045 786 modi
2086 735 2247 787 verba
2287 753 2371 787 so-

452 818 610 871 litum
660 836 774 870 esse
822 818 1100 894 enuntiare
1148 822 1201 870 et
1248 819 1501 872 scribere:
1554 821 1677 874 inde
1721 826 1940 891 propter
1991 824 2361 876 auctoritatem

451 908 590 960 tanti
630 907 731 959 viri
771 906 1210 959 consuetudinem
1250 907 1462 961 factam.

185 995 334 1049 *³²69
376 994 472 1068 (44
506 995 702 1068 [272]).
782 1013 877 1065 per
927 995 1280 1048 adiectionem
1332 996 1425 1048 illa
1476 997 1726 1049 videntur
1777 1017 1888 1051 esse
1943 999 2162 1071 vitiosa,
2221 1002 2365 1068 quod

449 1084 648 1138 Accius
691 1088 863 1152 (1230
901 1084 1123 1151 Fuuai.)
1164 1085 1450 1155 geminatis
1491 1087 1764 1139 vocalibus
1813 1087 1973 1140 scribi
2019 1091 2212 1140 natura
2250 1089 2363 1141 lon-

448 1193 542 1245 gas
594 1174 828 1243 syllabas
880 1173 1074 1242 voluit,
1126 1192 1245 1226 cum
1299 1175 1503 1243 alioqui
1555 1174 1762 1228 adiecto
1814 1178 1898 1228 vel
1950 1177 2160 1230 sublato
2214 1179 2364 1246 apice

445 1263 799 1334 longitudinis
840 1265 894 1316 et
924 1262 1204 1315 brevitatis
1235 1266 1365 1315 nota
1403 1267 1585 1332 posset
1626 1265 1848 1318 ostendi.
1903 1285 2024 1317 nam
2068 1267 2366 1336 singulares

444 1354 655 1407 vocales
696 1357 749 1405 et
787 1353 1010 1422 produci
1051 1355 1104 1405 et
1135 1352 1331 1422 corripi
1370 1357 1610 1422 possunt.
1659 1355 1798 1407 unde
1832 1355 1991 1406 etiam
2025 1355 2264 1408 Lucilius
2307 1357 2364 1408 in

444 1441 604 1495 VIIII
658 1445 958 1495 saturarum
1015 1442 1079 1495 de
1135 1441 1522 1515 orthographia
1575 1444 1906 1513 praecipiens
1954 1445 2028 1496 ait
2080 1447 2204 1509 (351
2229 1446 2363 1510 M.):

446 1531 514 1583 ‘A
552 1532 784 1600 primum
828 1535 928 1600 est,
974 1532 1100 1584 hinc
1140 1531 1389 1600 incipiam
1437 1536 1489 1584 et
1529 1551 1664 1601 quae
1703 1534 1921 1586 nomina
1962 1534 2026 1585 ab
2068 1534 2170 1585 hoc
2208 1538 2360 1587 sunt:

443 1620 630 1673 deinde
673 1619 761 1672 “A
794 1621 1066 1690 primum’'
1101 1621 1274 1690 longa,
1312 1621 1535 1690 <“ab⁷’>
1568 1622 1745 1674 brevis
1779 1624 2004 1692 syllaba:
2045 1641 2144 1675 nos
2175 1626 2356 1675 tamen

441 1729 607 1762 unum
646 1710 751 1762 hoc
788 1711 1045 1763 faciemus
1094 1713 1147 1762 et
1186 1729 1292 1762 uno
1334 1710 1624 1778 eodemque
1673 1714 1733 1762 ut
1772 1712 1996 1765 dicimus
2037 1715 2194 1780 pacto
2239 1714 2365 1765 scri—

439 1799 648 1852 bemus:
693 1800 919 1869 “pacem
950 1798 1196 1867 placide''
1235 1797 1462 1851 “Ianum
1497 1800 1702 1852 aridum
1735 1802 2000 1869 acetum'',
2027 1795 2179 1868 Ἆρες
2206 1800 2362 1870 ’Ἆρες

441 1886 627 1941 Graeci
659 1892 720 1940 ut
750 1888 988 1940 faciunt'.
1045 1890 1282 1957 itemque
1324 1890 1465 1956 quod
1498 1888 1738 1942 Lucilius
1778 1890 1871 1942 ubi
1902 1888 1928 1941 I
1968 1890 2103 1942 exile
2144 1893 2224 1942 est
2265 1909 2363 1958 per

439 1997 494 2030 se
528 1978 677 2030 iubet
702 1978 880 2047 scribi,
914 1981 969 2029 at
999 1978 1091 2029 ubi
1125 1979 1343 2047 plenum
1377 1981 1459 2030 est
1490 1979 1925 2048 praeponendum
1958 1997 2070 2032 esse
2103 1979 2219 2048 E[i]
2248 1997 2357 2031 cre-

440 2067 517 2120 dit
548 2067 633 2119 his
665 2067 907 2120 versibus
943 2069 1188 2134 (35834141.
1215 2068 1343 2131 MJ:
1380 2067 1645 2137 ‘m<e>ille
1684 2068 1980 2138 hominum,
2021 2069 2125 2121 duo
2158 2069 2359 2138 m<e>i-

435 2157 522 2225 lia,
562 2158 690 2209 item
731 2157 837 2208 huc
867 2156 912 2208 E
955 2159 1183 2224 utroque
1224 2175 1374 2225 opus,
1415 2157 1827 2226 m<e>il[l]e<s>,
1860 2158 2225 2226 m<e>ilitiam.
2282 2162 2360 2211 te-

434 2264 566 2298 nues
606 2245 652 2298 I:
703 2246 886 2314 pilam,
934 2247 989 2298 in
1038 2264 1142 2314 qua
1180 2246 1430 2316 lusimus3
1480 2247 1667 2315 pilum,
1717 2265 1821 2315 quo
1862 2247 1995 2316 piso,
2045 2250 2256 2316 tenues3
2309 2248 2352 2299 si

434 2335 591 2404 plura
628 2335 759 2387 haec
798 2335 987 2388 feceris
1027 2335 1151 2404 pila,
1193 2353 1327 2403 quae
1368 2336 1607 2404 iacimus,
1656 2336 1813 2388 addes
1854 2336 1922 2406 E,
1962 2337 2104 2405 peila
2143 2340 2203 2388 ut
2242 2337 2355 2405 ple-

435 2426 556 2477 nius
596 2425 726 2477 fiat'.
792 2443 947 2493 quam
991 2425 1409 2477 inconstantiam
1451 2425 1622 2477 Varro
1664 2443 1891 2494 arguens
1934 2468 1942 2476 .
1978 2468 1987 2478 .
2023 2469 2031 2477 .
2074 2424 2251 2497 (dicit)
2294 2427 2351 2478 in

434 2513 630 2582 plurali
664 2514 878 2582 quidem
911 2532 1132 2566 numero
1168 2513 1357 2566 debere
1389 2514 1508 2582 (E)
1540 2514 1748 2583 litterae
1781 2513 1805 2566 I
1837 2515 2111 2583 praeponi,
2150 2515 2204 2566 iu
2247 2515 2351 2567 sin-

435 2604 607 2673 gulari
646 2621 772 2655 vero
817 2603 1036 2654 minime
1086 2646 1093 2654 .
1130 2645 1138 2653 .
1175 2645 1183 2654 .
1234 2602 1519 2673 singularis
1568 2622 1821 2655 numerus
1867 2622 1961 2671 per
1999 2623 2160 2655 unam
2200 2603 2225 2655 I
2265 2605 2351 2656 lit-

314 2768 340 2806 4
369 2763 469 2808 GL.
498 2765 601 2807 VII
618 2768 720 2817 150,
740 2768 797 2807 10
824 2763 1074 2820 (lacrumae
1102 2798 1110 2807 .
1139 2799 1146 2806 .
1175 2799 1183 2806 .
1211 2763 1403 2820 factam)
1430 2786 1485 2800 =
1511 2765 1624 2808 Isid.
1653 2766 1687 2808 I
1702 2767 1778 2817 27,
1798 2767 1855 2807 15
1865 2782 1880 2818 ,·
1906 2766 1961 2819 cf.
1992 2765 2146 2822 Quint.
2173 2766 2208 2807 I
2227 2769 2267 2819 7,
2285 2769 2346 2809 21

165 2822 386 2880 (optimus
418 2823 663 2878 maximus,
696 2825 749 2866 ut
781 2823 984 2867 mediam
1008 2823 1028 2865 Ι
1051 2822 1258 2866 litteram
1292 2838 1410 2878 quae
1436 2823 1669 2866 veteribus
1696 2823 1736 2867 V
1761 2824 1913 2867 fuerat
1947 2824 2224 2879 acciperent,
2259 2824 2347 2868 Gai

162 2882 365 2938 primum
399 2881 607 2927 Caesaris
639 2883 943 2939 inscriptione
975 2883 1182 2926 traditur
1214 2883 1437 2939 factum),·
1480 2883 1579 2927 GL.
1607 2883 1677 2926 V]
1707 2887 1819 2938 9,3;
1857 2885 1959 2928 VII
1981 2886 2056 2937 24,
2077 2888 2145 2928 13.
2180 2888 2346 2938 49,19.

66 2978 72 2983 .
162 2946 233 2997 67,
251 2945 291 2986 3.
319 2945 391 2996 75,
411 2946 469 2986 12
492 2943 505 2999 ΙΙ
531 2947 555 2985 9
586 2943 686 2987 GL.
715 2943 815 2986 VII
831 2946 909 2996 18,
930 2945 986 2986 12
1012 2942 1229 2998 (primum
1255 2942 1401 2998 igitur
1425 2955 1508 2998 per
1534 2942 1845 2986 adiectionem
1872 2977 1879 2985 .
1909 2978 1917 2986 .
1947 2978 1953 2985 .
1974 2943 2119 2987 Varro
2146 2957 2345 3000 arguens

160 3000 210 3044 in
242 3001 440 3045 eundem
473 3015 671 3045 errorem
697 3002 878 3045 diversa
903 3002 978 3045 via
1003 3002 1238 3045 delabitur
1270 3002 1428 3045 dicens
1461 3002 1510 3044 in
1541 3002 1714 3058 plurali
1741 3036 1748 3045 .
1778 3038 1785 3045 .
1815 3037 1823 3045 .
1850 3002 2055 3056 minime,
2090 3017 2194 3046 cum
2228 3003 2341 3046 alio-

161 3059 242 3116 qui
273 3061 290 3104 i
321 3074 415 3104 non
447 3060 577 3104 aliud
609 3061 658 3104 in
691 3061 918 3119 singulari
943 3076 1084 3116 quam
1109 3062 1194 3120 <in
1225 3061 1398 3117 plurali
1430 3075 1580 3117 neque
1614 3062 1741 3105 aliud
1775 3062 1824 3104 in
1848 3062 2003 3106 media
2027 3065 2175 3119 suppl.
2196 3063 2341 3121 Keil>

161 3133 302 3175 quam
343 3120 394 3163 in
426 3121 632 3164 extrema
674 3120 856 3177 syllaba
888 3123 1035 3175 sonet,
1079 3124 1132 3164 ut
1175 3121 1223 3163 in
1254 3121 1408 3164 verbis
1442 3121 1744 3165 manifestum
1778 3122 1848 3164 est
1879 3137 1912 3165 e.
1943 3137 1980 3178 q.
2009 3123 2062 3177 s.)
2106 3128 2147 3166 et
2178 3126 2252 3176 32,
2279 3126 2339 3165 21

162 3178 429 3236 (singularis
455 3213 464 3222 .
493 3215 500 3223 .
531 3214 538 3223 .
564 3180 942 3237 pronuntientur)
952 3199 968 3235 ;
1000 3182 1056 3235 cf.
1087 3181 1241 3238 Quint.
1261 3182 1294 3223 I
1313 3184 1354 3235 4,
1373 3185 1444 3224 10.
1474 3185 1514 3235 7,
1532 3184 1589 3224 14
1600 3195 1687 3237 sq.,·
1724 3181 1823 3236 GL,
1843 3183 1908 3225 II
1923 3184 2028 3236 298,
2046 3185 2100 3236 4,·
2126 3182 2198 3226 VI
2214 3185 2341 3236 8,13.

160 3241 235 3292 17,
250 3241 338 3293 25;
363 3239 465 3283 VII
491 3241 565 3294 55,
581 3242 791 3294 25—56,
808 3243 866 3283 14

308 3404 333 3444 5
366 3401 461 3445 add
488 3401 648 3446 Carrio
680 3403 693 3458 ΙΙ
727 3406 750 3444 6
781 3402 980 3446 tradidit
1012 3404 1079 3446 vel
1108 3403 1258 3446 tradit
1289 3405 1302 3460 ΙΙ
1337 3408 1358 3446 7
1386 3403 1628 3447 enuntiare
1662 3405 1729 3448 vel
1760 3403 2038 3447 adnuntiare
2072 3406 2142 3459 (eoe
2167 3417 2341 3447 aenun-

158 3458 360 3515 tiare?);
392 3462 439 3504 et
471 3461 713 3504 enuntiare
732 3462 854 3516 Keil,
885 3463 965 3506 vioe
987 3466 1099 3507 recte
1145 3464 1159 3519 ΙΙ
1208 3466 1261 3505 10
1277 3476 1339 3519 sq.
1373 3462 1538 3520 longas
1563 3465 1630 3507 vel
1660 3462 1802 3519 longa
1849 3465 1861 3520 Η
1911 3467 1964 3506 14
1997 3476 2118 3506 nono
2142 3464 2210 3507 vel
2240 3463 2340 3505 uim

158 3519 205 3575 (i.
231 3533 265 3563 e.
291 3518 434 3577 UIIII)
466 3522 480 3577 ΙΙ
514 3524 567 3564 16
599 3521 907 3577 supplevimus
937 3522 950 3578 ΙΙ
984 3526 1037 3565 17
1073 3522 1326 3579 eodemque
1358 3524 1426 3567 vel
1458 3523 1621 3566 eodem
1653 3523 1777 3579 quod
1809 3524 1822 3578 Η
1857 3526 1910 3564 18
1944 3535 2056 3577 apec
2090 3535 2178 3577 ape
2203 3521 2239 3564 E
2273 3523 2339 3566 vel

159 3591 269 3635 arpe
289 3604 297 3613 ·
317 3592 431 3635 cape
465 3592 509 3623 e:
543 3581 826 3625 coerousa
871 3582 884 3637 ΙΙ
932 3585 987 3623 20
1021 3594 1122 3625 esse
1154 3581 1196 3624 ei
1226 3582 1296 3626 'vel
1327 3594 1445 3625 esse:
1480 3596 1581 3626 corr
1606 3581 1854 3626 Putschius
1892 3583 1905 3638 ΙΙ
1953 3586 2006 3624 21
2025 3594 2087 3636 sq.
2123 3596 2145 3624 e
2179 3587 2340 3637 quater

157 3652 252 3696 add
282 3651 388 3697 θοαὶ
414 3655 420 3708 Ι
457 3652 548 3697 duo
579 3653 712 3698 milia
741 3656 809 3699 vel
839 3645 884 3697 Π
912 3656 925 3712 ΙΙ
959 3659 1013 3700 22
1046 3655 1184 3699 huce:
1218 3670 1319 3701 corr
1336 3657 1485 3700 Marx
1520 3657 1524 3712 Ι
1559 3655 1711 3699 mille:
1744 3669 1845 3700 corr
1861 3655 1967 3700 Scal
1998 3656 2011 3712 ΙΙ
2044 3659 2098 3698 23
2130 3654 2339 3698 ludimus

156 3710 263 3756 Scal
290 3713 296 3768 Ι
323 3711 447 3768 ipso:
466 3726 568 3758 corr
583 3713 690 3758 Seal
705 3715 719 3771 ΙΙ
744 3718 870 3771 24sq.
891 3714 1012 3758 adde
1029 3728 1077 3758 se
1095 3717 1178 3772 (vel
1194 3715 1374 3772 adesse)
1392 3713 1538 3771 pella:
1565 3728 1666 3759 corr
1680 3714 1788 3760 Scal
1814 3717 1819 3770 l
1847 3713 2032 3770 plenius
2049 3715 2118 3759 vel
2140 3714 2306 3770 plenus
2324 3716 2340 3771 η

77 3808 80 3811 .
158 3775 214 3814 26
246 3771 340 3815 add
367 3771 627 3817 Goidam'ch
649 3779 898 3830 praeeunte
922 3774 1077 3819 Keilio
1110 3774 1313 3832 (litterae
1338 3774 1355 3817 i
1380 3778 1421 3830 e)
1445 3779 1487 3818 et
1512 3775 1702 3819 Vseuero
1728 3774 1763 3831 (I
1787 3773 1973 3817 litterae
1998 3773 2053 3831 Ε)
2063 3791 2077 3818 .·
2108 3775 2163 3830 ef.
2190 3774 2252 3818 ad
2274 3777 2339 3818 20
