2600 4198
256 176 336 220 XL
1117 174 1532 221 PROLEGOMEN
1534 176 1575 219 A

260 310 524 365 Secuntur
584 329 684 364 res
737 310 1062 363 hominum
1117 328 1302 363 manu
1355 311 1566 364 factae
1620 310 1687 363 ad
1738 311 1980 364 vietum
2032 311 2438 381 pertinentes

259 399 626 472 (105—112),
681 400 748 452 ad
792 399 1102 452 vestitum
1144 402 1205 452 et
1244 418 1413 452 arma
1451 397 1820 470 (113—117),
1872 400 1939 452 ad
1988 400 2439 469 instrumenta,

257 491 308 542 h.
342 508 386 542 6.
431 507 681 564 mensas
730 485 1096 559 (118—127),
1151 488 1404 557 sedilia,
1459 505 1661 556 arcas,
1713 489 2051 541 armarium
2100 492 2161 542 et
2198 507 2440 542 armen-

257 579 491 631 tarium
548 576 731 649 (128),
794 577 1089 629 mundum
1155 576 1530 629 muliebrem
1588 574 1956 648 (129—133),
2009 577 2440 630 instrumenta

257 668 502 720 rustica
533 663 894 738 (134—140),
926 664 1254 734 aedificia,
1285 665 1317 718 i.
1350 684 1393 718 e.
1427 665 1684 735 oppida,
1715 666 1913 734 vicos»,
1943 666 2105 735 fora,
2136 666 2438 735 inprimis

257 755 462 808 forum
503 755 850 808 Romanum
891 757 950 806 et
987 754 1192 806 multa
1230 753 1408 807 urbis
1446 754 1750 806 aedificia
1790 756 1852 806 et
1887 754 2034 807 loca
2070 752 2438 825 (141—159);

259 844 506 896 domum
561 846 621 896 et
675 843 810 896 eius
865 846 1080 912 partes
1120 841 1485 913 (160—162);
1542 840 1689 913 (post
1741 841 2011 913 lacunam)
2066 844 2326 897 transitur
2371 844 2439 897 ad

258 935 478 1001 portas
534 929 900 1003 (163—165);
954 931 1237 984 lectulos
1294 929 1661 1003 (166—168);
1724 931 2056 1000 pecuniam
2120 931 2439 1001 signatam

259 1019 626 1091 (169-174);
666 1021 972 1090 pecuniae
1010 1020 1271 1073 vocabula
1310 1019 1384 1072 ab
1424 1038 1539 1073 usu
1580 1020 1956 1089 deprompta
1997 1018 2356 1091 (175—183).

406 1108 471 1161 In
508 1110 593 1162 his
634 1110 893 1179 quaedam
935 1112 1160 1179 exstant,
1201 1109 1264 1161 de
1305 1108 1499 1177 quibus
1540 1110 1654 1161 iure
1695 1109 2023 1179 dubitamus3
2080 1109 2223 1178 quod
2262 1110 2439 1162 minus

258 1198 434 1252 valere
472 1203 724 1266 putamus
765 1199 829 1251 de
867 1198 1043 1251 verbis
1085 1217 1220 1266 quae
1261 1201 1384 1252 sunt
1424 1215 1568 1251 arca
1735 1198 2059 1251 declinata
2098 1198 2291 1251 aliter
2329 1197 2439 1269 (39,

261 1287 328 1339 13
347 1285 464 1359 sq.),
504 1306 640 1356 quae
673 1287 906 1357 Spengel
938 1285 1150 1356 (praef.2
1181 1306 1232 1356 p.
1264 1286 1573 1359 XXXVIII)
1607 1289 1788 1357 potius
1829 1305 1948 1340 cum
1988 1288 2054 1341 iis
2095 1307 2230 1356 quae
2271 1292 2302 1355 ξ
2332 1288 2434 1340 117

258 1377 322 1429 (16
368 1394 425 1427 16
472 1376 694 1428 militari
738 1377 1042 1428 referuntur
1089 1377 1296 1429 conecti
1342 1377 1482 1445 vult,
1538 1394 1659 1429 611111
1697 1395 1764 1429 116
1803 1377 1880 1430 ibi
1919 1377 2134 1446 quidem
2173 1378 2437 1446 aptiorem

255 1466 435 1518 10611111
467 1465 764 1518 inveniant:
817 1465 909 1517 sed
953 1467 1098 1517 recte
1137 1464 1494 1518 Ribbeckium
1535 1484 1654 1517 cum
1696 1467 1881 1518 eodem
1923 1464 2157 1536 Spengel
2195 1466 2252 1518 in
2290 1485 2438 1535 para-

257 1554 476 1624 graphis
512 1554 818 1621 129—133,
850 1554 980 1606 item
1012 1553 1070 1606 in
1100 1553 1451 1624 paragraphis
1490 1553 1777 1607 166—168
1811 1555 2027 1608 haerere
2059 1555 2440 1623 existimamus,

257 1643 452 1712 quibus
497 1643 627 1696 ordo
667 1642 951 1695 admodum
990 1642 1259 1708 turbetur3
1316 1643 1417 1695 etsi
1456 1646 1678 1712 propter
1717 1644 1935 1696 lacunas
1977 1661 2112 1711 quae
2151 1646 2277 1696 sunt
2315 1648 2441 1712 post

257 1731 343 1800 35,
372 1732 439 1784 12
481 1735 534 1784 et
574 1731 660 1799 50,
686 1732 719 1784 3
776 1732 996 1784 difficile
1051 1732 1194 1784 dicas
1243 1732 1506 1802 genuinus
1555 1732 1686 1784 ordo
1735 1733 1906 1800 qualis
1956 1733 2085 1785 olim
2125 1732 2300 1785 fuerit.
2377 1731 2439 1784 Id

254 1840 422 1873 unum
462 1821 674 1873 videtur
713 1824 974 1889 constare,
1013 1840 1044 1873 a
1069 1820 1326 1873 Varronis
1367 1821 1591 1873 consilio
1632 1823 1770 1873 hanc
1810 1821 2178 1874 confusionem
2210 1821 2438 1874 alienam

255 1910 437 1979 fuisse,
464 1928 617 1978 quem
647 1911 829 1979 potius
854 1911 1003 1962 velut
1027 1909 1159 1962 talia
1182 1910 1387 1963 dedisse
1413 1913 1801 1978 exspectamus:
1832 1909 2124 1962 115—117.
2146 1910 2438 1963 129-133.

260 1998 566 2051 118-128.
610 1999 915 2052 166-183.
962 1997 1270 2051 134—165.

409 2091 596 2140 Sexto
637 2087 779 2140 libro
821 2087 1126 2156 disputatur
1181 2088 1281 2140 ‘de
1335 2088 1670 2141 vocabulis
1723 2091 2076 2157 temporum
2130 2092 2188 2140 et
2228 2107 2439 2141 earum

255 2195 465 2229 rerum
518 2195 674 2245 quae
726 2177 788 2229 in
837 2178 1084 2247 agendo
1126 2177 1296 2229 fiunt
1336 2180 1442 2229 aut
1483 2178 1784 2230 dicuntur
1825 2196 1959 2229 611111
1998 2180 2286 2246 tempore
2327 2177 2440 2230 ali-

258 2268 407 2334 quo’
450 2265 553 2337 (VI
583 2264 652 2333 1),
694 2266 784 2319 sed
823 2270 885 2318 ut
925 2266 1005 2318 ‘si
1045 2266 1197 2334 quid
1235 2266 1410 2319 aliud
1448 2266 1743 2319 videatur
1781 2266 1880 2318 his
1919 2268 2162 2335 aptum'
2206 2265 2280 2336 (V
2310 2263 2439 2336 105)

255 2374 320 2407 ne
369 2355 695 2409 excludatur.
774 2355 1126 2409 Planissimae
1173 2359 1298 2408 sunt
1350 2356 1674 2423 paragraphi
1725 2355 1926 2408 1—34:
1981 2356 2160 2425 agitur
2205 2356 2439 2424 primum

257 2446 327 2498 de
366 2445 631 2497 notione
669 2443 978 2513 temporis
1020 2447 1080 2496 et
1113 2445 1184 2496 de
1216 2444 1620 2497 naturalibus
1654 2445 1787 2496 eius
1822 2444 2306 2497 discriminibus
2335 2442 2438 2515 (3);

256 2535 327 2586 de
367 2533 767 2603 temporibus
806 2534 1195 2602 nuncupatis
1236 2551 1266 2583 a
1307 2532 1464 2585 solis
1506 2536 1566 2585 et
1598 2534 1758 2585 caeli
1790 2536 1964 2586 motu
1998 2533 2223 2585 diurno
2258 2530 2438 2603 (4—7)

256 2627 316 2676 et
371 2641 580 2675 annuo
623 2621 696 2693 (8.
739 2621 812 2694 9),
860 2641 889 2674 a
936 2625 1109 2675 motu
1162 2622 1351 2674 lunae
1392 2620 1536 2692 (1Ο);
1591 2622 1858 2675 adduntur
1910 2623 2212 2688 lustrum,
2267 2638 2441 2674 secu-

253 2712 404 2781 lum,
437 2730 655 2764 aevum
681 2709 817 2782 (11).
879 2709 963 2762 Ad
995 2712 1240 2764 naturale
1272 2711 1557 2764 discrimen
1596 2711 1818 2764 civilia
1850 2711 2164 2763 vocabula
2196 2711 2438 2762 dierum

255 2801 535 2870 accedunt3
574 2801 756 2871 agitur
790 2800 853 2853 de
893 2800 1117 2853 diebus
1156 2800 1345 2852 festis
1379 2801 1633 2852 deorum
1667 2817 1855 2853 causa
1886 2798 2233 2866 institutis,
2273 2797 2327 2849 id
2360 2800 2440 2849 est

256 2890 319 2942 de
360 2890 587 2942 diebus
629 2888 898 2942 statutis
939 2892 993 2941 et
1025 2888 1367 2941 annalibus
1398 2905 1514 2941 1166
1545 2888 1643 2941 (116
1676 2889 1947 2941 statutis
1974 2885 2259 2958 (12—26).
2321 2885 2437 2939 Hos

255 2978 530 3046 excipiunt
570 2978 703 3031 dies
741 2977 1067 3030 hominum
1108 2995 1295 3030 causa
1328 2977 1700 3045 constituti,
1740 2976 1795 3028 id
1827 2980 1909 3029 est
1940 2976 2247 3029 mensium
2282 2975 2438 3045 (1166,

256 3067 391 3120 (1166
444 3066 602 3119 fasti
657 3069 711 3119 et
764 3066 1027 3135 nefasti,
1080 3066 1342 3119 voeabula
1388 3066 1697 3119 mensium
1737 3063 2022 3136 (27—34).
2112 3064 2256 3127 Quae
2293 3082 2438 3116 nunc

258 3159 525 3224 secuntur,
557 3174 741 3209 eorum
776 3156 904 3208 ordo
937 3159 1098 3224 atque
1130 3172 1362 3207 conexus
1391 3172 1501 3207 nou
1534 3173 1743 3224 semper
1774 3158 1949 3208 certus
1983 3157 2075 3206 aut
2106 3153 2435 3223 perspicuus,

254 3245 402 3298 Dicit
440 3244 615 3298 Var'ro
657 3245 722 3297 (16
767 3244 957 3297 rebus
1007 3262 1167 3312 quae
1205 3245 1269 3296 in
1307 3244 1705 3312 temporibus
1744 3243 1917 3296 fiunt
1958 3247 2010 3295 et
2048 3243 2280 3312 primum
2323 3242 2437 3311 qui-

256 3334 375 3387 dem
432 3335 496 3387 de
556 3334 772 3387 verbis
834 3333 1247 3404 primigeniis
1311 3335 1506 3401 atque
1568 3332 1880 3386 derivatis
1943 3336 1996 3386 et
2059 3331 2437 3400 compositis

257 3421 549 3494 (35—40),
601 3423 665 3475 de
705 3422 948 3492 agendo
989 3425 1043 3475 et
1088 3422 1299 3475 tribus
1339 3421 1662 3475 actionum
1702 3423 2007 3493 gradibus
2047 3421 2157 3493 (41.
2197 3419 2317 3490 42),
2371 3419 2436 3472 de

254 3511 449 3581 primi
504 3511 738 3583 gradus
792 3511 1005 3564 verbis
1061 3529 1196 3579 quae
1249 3510 1520 3580 pertinent
1575 3511 1641 3563 ad
1697 3511 1926 3564 mentis
1981 3511 2316 3581 agitatum,
2371 3506 2436 3561 de

255 3601 473 3654 verbis
505 3599 955 3672 cogitationis,
993 3599 1381 3667 voluntatiS,
1414 3599 1679 3653 similibus
1705 3597 1988 3672 (43--50),
2021 3598 2216 3667 quibus
2238 3613 2435 3665 quae·

256 3689 392 3741 dam
447 3707 604 3757 quae
658 3689 732 3741 ad
785 3691 1055 3742 mentem
1104 3690 1404 3758 spectant
1455 3689 1854 3758 subiunguntur
1901 3686 2010 3759 (44.
2050 3684 2161 3758 45).
2237 3683 2301 3738 In
2348 3683 2434 3738 his

255 3779 515 3831 nonnulla
577 3777 903 3831 dubitationi
964 3780 1090 3831 sunt
1152 3777 1407 3847 obnoxia,
1469 3777 1617 3830 velut
1679 3777 1823 3846 quod
1878 3774 2193 3829 ‘meminis
2205 3773 2295 3826 se'
2351 3772 2435 3826 bis
