2600 4198
72 1117 198 1163 16,

77 1563 116 1594 15

74 2008 116 2039 20

74 2453 115 2485 25

1040 156 1420 202 FRAGMENTA
2212 160 2321 214 239

406 295 616 361 sonant,
665 292 723 344 in
772 291 857 345 his
898 293 1306 346 similitudinem
1345 296 1521 346 tactus
1560 294 1751 364 valere,
1802 298 1865 347 ut
1913 295 1958 348 si
2007 295 2201 348 leniter
2238 298 2325 350 vel

406 400 590 451 aspere
645 399 859 434 sensum
915 385 1162 453 tangunt,
1214 382 1408 435 lenitas
1454 383 1540 435 vel
1594 383 1852 452 asperitas
1905 384 2208 437 litterarum
2262 389 2325 437 ut

404 470 581 541 tangit
616 470 875 540 auditum,
915 471 993 524 sic
1034 471 1110 523 eis
1149 472 1369 524 nomina
1408 473 1688 542 pepererit,
1727 475 1789 525 ut
1826 473 2001 542 ipsum
2042 472 2161 526 lene
2202 491 2323 526 cum

406 559 632 612 dicimus
685 558 879 612 leniter
933 563 1114 629 sonat3
1170 561 1288 629 quis
1342 560 1472 613 item
1528 562 1873 631 asperitatem
1927 580 2036 615 non
2090 566 2143 614 et
2203 563 2322 631 ipso

407 649 624 702 nomine
665 666 908 718 asperam
951 648 1187 702 iudicet?
1262 649 1381 701 16116
1421 653 1502 702 661
1547 650 1765 703 auribus
1806 667 1928 703 cum
1970 651 2196 704 dicimus
2236 668 2324 703 vo-

403 737 597 806 luptaS,
638 756 885 807 asperum
926 756 1048 791 cum
1090 737 1315 791 dicimus
1356 755 1500 790 crux‚
1556 739 1632 790 ita
1671 757 1754 791 res
1795 740 1941 808 ipsae
1981 740 2226 792 afficiunt
2264 743 2326 792 ut

404 828 567 880 verba
617 826 945 879 sentiuntur:
997 827 1105 879 mel
1156 845 1317 895 quam
1370 827 1604 879 suaviter
1655 832 1872 898 gustum
1912 847 1996 881 res
2046 830 2163 898 ipsa
2214 832 2323 881 tam

404 915 597 967 leniter
633 915 851 967 nomine
890 916 1066 985 tangit
1105 916 1369 986 auditum3
1410 934 1529 969 acre
1569 917 1625 968 in
1664 920 1895 985 utroque
1935 936 2182 985 asperum
2222 920 2325 988 est,

405 1004 528 1056 lana
579 1007 632 1056 et
670 1022 857 1073 vepres
909 1008 971 1057 ut
1010 1005 1300 1057 audiuntur
1341 1006 1502 1058 verba
1541 1006 1619 1058 616
1665 1005 1759 1057 illa
1806 1009 2115 1077 tanguntur.
2193 1007 2325 1058 haec

408 1094 560 1161 quasi
600 1093 864 1145 cunabula
903 1094 1186 1146 verborum
1230 1112 1342 1148 esse
1384 1095 1735 1162 crediderunt,
1781 1094 1877 1147 ubi
1925 1114 2109 1149 sensus
2148 1113 2326 1148 rerum

407 1200 528 1234 cum
581 1200 834 1235 sonorum
890 1201 1046 1235 sensu
1088 1183 1534 1253 concordare[n]t.
1613 1183 1740 1236 hinc
1780 1184 1846 1235 ad
1896 1185 2134 1253 ipsarum
2188 1185 2327 1237 inter

408 1290 461 1323 se
512 1289 690 1323 rerum
741 1271 1148 1324 similitudinem
1202 1274 1522 1341 processisse
1574 1273 1846 1326 licentiam
1893 1274 2219 1344 nominandi,
2267 1278 2328 1327 ut

408 1378 528 1413 cum
568 1360 720 1412 verbi
771 1379 929 1414 causa
969 1379 1098 1413 crux
1148 1365 1431 1430 propterea
1472 1362 1613 1415 dicta
1655 1363 1738 1430 sit,
1787 1364 1930 1431 quod
1969 1364 2137 1432 ipsius
2178 1364 2326 1415 verbi

407 1449 665 1518 asperitas
719 1468 838 1501 cum
879 1450 1077 1502 doloris
1119 1469 1276 1519 quem
1317 1469 1446 1504 crux
1486 1451 1653 1503 efficit
1702 1452 1986 1520 asperitate
2026 1453 2327 1521 concordet,

412 1557 565 1592 crura
603 1542 783 1592 tamen
820 1558 929 1591 non
968 1542 1187 1608 propter
1218 1540 1560 1609 asperitatem
1595 1541 1808 1609 doloriS,
1848 1542 1941 1593 sed
1975 1542 2119 1610 quod
2156 1541 2327 1612 longi-

409 1628 594 1680 tudine
626 1632 785 1697 atque
819 1628 1095 1698 duriti[a]e
1130 1630 1268 1682 inter
1292 1630 1530 1682 membra
1564 1633 1738 1683 cetera
1772 1630 1880 1682 sint
1910 1631 2058 1700 ligno
2085 1632 2327 1699 <crucis>

407 1717 664 1769 similiora
713 1719 789 1770 sic
836 1718 1105 1786 appellata
1145 1722 1283 1771 sunt.
1363 1719 1485 1771 inde
1526 1719 1592 1770 ad
1632 1719 1944 1772 abusionem
1984 1724 2226 1789 ventum,
2266 1724 2328 1772 ut

407 1809 695 1874 usurpetur
725 1824 922 1859 nomen
954 1825 1064 1859 non
1095 1807 1172 1859 rei
1206 1807 1412 1877 similis,
1444 1809 1535 1860 sed
1569 1810 1721 1877 quasi
1753 1809 1971 1863 vicinae.
2024 1809 2153 1877 quid
2185 1809 2326 1861 661111

407 1894 579 1947 simile
619 1895 782 1948 habet
822 1895 1143 1966 significatio
1191 1896 1342 1965 parvi
1384 1901 1437 1948 et
1474 1897 1692 1966 minuti,
1734 1916 1853 1950 cum
1891 1898 2065 1967 possit
2103 1917 2325 1966 parvum

409 2001 522 2036 esse
574 1984 717 2052 quod
767 2002 877 2036 non
927 1985 1086 2037 modo
1137 1985 1277 2038 nihil
1326 1987 1592 2038 minutum
1646 1987 1730 2055 sit,
1782 1987 1872 2039 sed
1923 1987 2127 2056 aliquid
2167 1988 2327 2040 etiam

409 2072 667 2126 creverit?
715 2073 940 2126 dicimus
965 2078 1143 2127 tamen
1166 2078 1388 2144 propter
1413 2076 1680 2143 quandam
1705 2077 2035 2128 vicinitatem
2060 2077 2328 2129 minutum

406 2181 503 2231 pro
535 2180 716 2230 parv0.
765 2163 856 2216 sed
887 2163 1022 2217 haec
1054 2163 1241 2217 abusio
1267 2164 1517 2217 vocabuli
1550 2165 1607 2217 in
1636 2169 1901 2234 potestate
1932 2166 2200 2234 loquentis
2227 2169 2328 2218 est:

406 2251 570 2304 habet
610 2253 753 2304 enim
792 2271 1034 2321 parvum,
1072 2257 1134 2305 ut
1172 2255 1439 2306 minutum
1480 2273 1590 2307 non
1622 2254 1778 2307 dicat.
1835 2255 1969 2307 illud
2002 2255 2173 2326 magis
2213 2274 2330 2324 per-

407 2342 544 2393 tinet
584 2341 650 2392 ad
689 2341 744 2393 id
784 2327 930 2410 quod·
966 2361 1108 2394 nunc
1148 2344 1395 2395 volumus
1437 2344 1731 2412 ostendere,
1772 2344 1915 2412 quod
1957 2363 2078 2398 cum
2124 2345 2330 2413 piscina

412 2430 607 2482 dicitur
656 2431 712 2483 in
763 2431 967 2484 balneis
1020 2433 1077 2484 in
1128 2451 1232 2501 qua
1281 2432 1510 2502 piscium
1564 2433 1703 2485 nihil
1750 2434 1820 2485 sit
1866 2433 2108 2502 nihilque
2157 2434 2330 2486 simile

407 2519 647 2589 piscibus
679 2520 888 2589 habeat,
920 2521 1131 2573 videtur
1162 2524 1340 2574 tamen
1372 2541 1402 2574 a
1433 2521 1670 2590 piscibus
1712 2523 1854 2576 dicta
1885 2527 2105 2591 propter
2136 2541 2329 2591 aquam

409 2608 502 2661 ubi
540 2609 779 2678 piscibus
819 2611 932 2662 vita
970 2613 1065 2662 est.
1143 2611 1219 2663 ita
1259 2610 1579 2664 vocabulum
1618 2629 1727 2663 non
1774 2612 2097 2664 translatum
2146 2611 2330 2664 simili—

410 2699 617 2767 tudine,
671 2700 761 2751 sed
814 2699 1043 2767 quadam
1096 2699 1370 2752 vicinitate
1430 2703 1746 2769 usurpatum
1808 2704 1907 2753 est:
1961 2700 2151 2769 quodsi
2211 2701 2329 2768 quis

412 2788 555 2841 dicat
593 2788 837 2841 homines
876 2788 1114 2857 piscibus
1156 2788 1354 2840 similes
1395 2789 1628 2841 natando
1676 2790 1793 2842 fieri
1834 2793 1887 2842 et
1933 2789 2056 2842 inde
2096 2790 2330 2858 piscinae

294 2967 427 3020 3699.
464 2964 1114 3038 Gf.fra9m.113;Dionys.
1150 2966 1305 3009 Halic.
1347 2966 1400 3008 de
1439 2979 1578 3021 comp.
1620 2966 1732 3009 verb.
1768 2967 1898 3009 XVI
1934 2966 2007 3021 (τὰ
2048 2966 2130 3022 μὲν
2173 2982 2332 3022 φωνης

145 3022 388 3097 μιμητικά,
426 3023 485 3067 τὰ
525 3023 576 3068 δὲ
624 3029 829 3080 μορφῆς,
868 3023 926 3068 τὰ
966 3022 1014 3068 δ’
1058 3024 1216 3082 ἔργου,
1255 3023 1312 3068 τὰ
1353 3023 1404 3069 δὲ
1450 3023 1661 3081 πάθους,
1701 3024 1758 3068 τὰ
1799 3024 1850 3069 δὲ
1897 3025 2140 3080 κινήσεως,
2181 3028 2237 3068 τὰ
2278 3023 2324 3068 δ’

144 3080 357 3138 ἠρεμίας,
400 3082 458 3126 τὰ
506 3086 556 3127 δ’·
603 3083 742 3127 ἄλλου
793 3083 1025 3141 χρήματος
1072 3083 1378 3139 ὁτουδήποτε,
1421 3085 1528 3140 περὶ
1572 3081 1635 3129 ὧν
1684 3083 1863 3140 εἴρηται
1912 3084 2059 3128 πολλὰ
2099 3092 2195 3136 τοῖς
2237 3085 2328 3140 πρὸ

144 3141 273 3197 ἡμῶν
305 3156 340 3186 6.
359 3156 398 3198 9.
414 3144 495 3199 6.),·
526 3144 724 3187 Demetr.
750 3144 803 3187 de
835 3144 937 3187 eloe
964 3147 1055 3187 178
1069 3158 1156 3200 69.,
1189 3145 1247 3188 al.
1282 3145 1294 3199 ΙΙ
1335 3148 1391 3187 24
1427 3144 1494 3199 Cf.
1525 3144 1899 3198 GL.1V400,1
1935 3144 2233 3201 (catachresis
2260 3146 2332 3188 est

143 3200 387 3257 usurpatio
418 3202 619 3246 nominis
652 3201 809 3257 alieni,
840 3204 894 3246 ut
923 3203 1207 3271 parricidam
1233 3203 1432 3246 dicimus
1458 3202 1538 3259 qui
1563 3203 1788 3247 occiderit
1810 3203 2003 3248 fratrem
2028 3206 2076 3247 et
2099 3204 2330 3259 piscinam

145 3273 266 3316 quae
307 3260 460 3317 pisces
502 3275 594 3304 non
636 3261 801 3307 habet.
845 3262 963 3305 haec
995 3262 1119 3305 enim
1157 3262 1249 3306 nisi
1282 3262 1566 3307 extrinsecus
1612 3265 1845 3306 sumerent
1890 3278 2022 3306 suum
2055 3263 2329 3307 vocabulum

144 3332 237 3363 non
275 3319 520 3377 haberent)
565 3322 578 3377 ΙΙ
626 3324 680 3364 29
717 3321 784 3376 Cf.
811 3321 934 3366 Fest.
958 3325 1071 3366 213a
1070 3325 1132 3377 ,2
1171 3322 1396 3379 (piscinae
1436 3322 1652 3379 publicae
1690 3322 1924 3378 hodieque
1956 3336 2124 3366 nomen
2156 3325 2328 3378 manet,

144 3378 249 3436 ipsa
280 3393 373 3423 non
406 3381 555 3423 extat:
590 3380 650 3423 ad
683 3393 825 3437 quam
858 3382 905 3423 et
935 3382 1153 3425 natatum
1185 3396 1218 3426 6.
1237 3396 1276 3438 9.
1294 3383 1347 3438 6.)

294 3547 327 3586 3
355 3543 568 3587 auditum
601 3545 668 3588 vel
700 3543 911 3587 auditam
942 3546 955 3601 ΙΙ
988 3548 1013 3587 6
1048 3543 1261 3588 afficiunt
1291 3545 1360 3590 vel
1391 3544 1600 3588 efficiunt
1631 3547 1644 3602 ss
1679 3549 1702 3587 7
1737 3543 2000 3587 sentiantur
2023 3544 2090 3588 vel
2121 3543 2327 3587 sentiun-

145 3604 223 3646 tur
257 3604 263 3660 Ι
297 3617 347 3646 16
372 3603 496 3647 ΙαῘιπ
542 3604 556 3660 ΙΙ
605 3606 659 3645 14
691 3602 943 3647 concordat
972 3605 1041 3648 vel
1072 3598 1322 3648 concordet
1352 3606 1420 3648 vel
1452 3605 1756 3648 concordaret
1802 3605 1815 3659 ΙΙ
1864 3607 1917 3646 16
1952 3602 2154 3647 duritiae
2187 3605 2233 3646 et
2262 3605 2330 3648 vel

147 3660 350 3706 duritiae
391 3665 398 3719 Ι
439 3663 576 3718 suppl
608 3663 916 3707 Lovanienses
958 3663 972 3719 ΙΙ
1017 3667 1069 3706 17
1104 3663 1200 3707 sint
1236 3665 1305 3708 vel
1343 3666 1451 3706 sunt
1489 3664 1502 3719 ΙΙ
1543 3667 1597 3707 18
1629 3665 1880 3718 usurpetur
1909 3664 2069 3705 tamen
2100 3676 2193 3706 non
2233 3663 2332 3717 (ubi

145 3733 314 3765 nomen
330 3721 663 3776 Lovaniemes;
694 3735 780 3766 om.-
811 3721 1156 3790 <no>tamen.9)
1181 3724 1194 3780 ΙΙ
1226 3727 1281 3767 23
1313 3737 1478 3778 pamm
1500 3724 1570 3768 vel
1598 3736 1797 3779 paruum
1825 3723 1830 3778 Ι
1859 3721 1988 3766 dicat
2010 3722 2077 3766 vel
2108 3722 2292 3765 dicatur
2317 3724 2330 3778 Η

148 3783 204 3824 25
220 3794 282 3837 69.
317 3779 468 3825 simile
499 3779 708 3837 piscibus
739 3782 807 3826 vel
836 3780 1043 3838 piscibus
1076 3780 1230 3826 simile
1261 3784 1275 3839 ΙΙ
1308 3785 1362 3824 26
1396 3781 1525 3825 dicta
1555 3783 1623 3827 vel
1655 3782 1831 3826 dictam
