2600 4198
273 176 509 222 XXXVIII
1130 175 1550 222 PROLEGOMEN
1549 176 1591 220 A

426 313 619 367 Totam
673 313 1051 382 grammaticae
1103 312 1302 365 latinae
1352 312 1633 364 materiam
1673 311 1844 365 Varro
1883 311 2027 365 Aelii
2081 313 2322 384 vestigiis
2376 315 2454 367 in·

275 402 467 455 sistens
507 400 583 454 ita
621 401 819 469 divisit,
858 403 920 452 ut
959 402 1131 453 tribus
1170 400 1415 469 partibus
1456 400 1613 454 factis
1653 400 1860 469 prima
1899 398 1989 471 (cf.
2028 421 2078 470 p.
2115 402 2236 471 124,
2258 403 2319 454 11
2340 420 2453 472 sqq.

278 488 629 560 l25,2sqq.)
686 489 1211 558 quemadmodum
1265 488 1576 541 vocabula
1629 489 1942 557 imposita
1995 494 2209 543 essent
2263 491 2453 544 rebus

275 582 575 648 quaereret,
627 578 900 631 secunda
941 576 1466 646 quemadmodum
1507 595 1575 629 ea
1613 577 1677 629 in
1718 595 1899 630 casus
1939 577 2455 648 declinarentur,

274 669 467 720 tertia
500 666 1021 735 quemadmodum
1054 666 1616 736 coniungerentur.
1679 665 1760 718 De
1792 666 1965 735 primo
1997 666 2137 720 libro
2170 667 2343 720 tribus
2368 669 2454 720 his

273 756 516 825 partibus
563 754 859 824 praemisso
909 755 1270 807 coniecturam
1317 753 1666 807 Wilmannsii
1706 754 2125 808 Reitzensteinio
2172 757 2455 824 probatam

274 848 327 898 ct
365 845 640 914 tetigimus
680 847 734 896 et
773 843 1205 897 addubitavimus
1245 844 1301 895 in
1340 843 1458 896 adn.
1499 844 1566 895 ad
1604 844 1729 911 234,
1758 844 1827 895 14
1845 861 1958 912 sqq.
1990 863 2039 912 p.
2075 844 2204 897 301:
2244 845 2338 897 ubi
2370 845 2456 898 ad-

273 934 503 986 dendum
545 936 624 986 est
675 932 782 984 iam
824 951 962 985 anno
1008 933 1145 985 1871
1190 933 1246 986 in
1297 936 1696 1004 programmate
1739 931 2121 986 Crucenacensi
2161 933 2224 986 de
2261 933 2362 986 hac
2400 953 2456 985 re

274 1022 636 1075 dubitationes
676 1022 965 1091 protulisse
1007 1020 1059 1073 O.
1093 1022 1155 1074 E.
1187 1022 1245 1074 L.
1280 1020 1391 1074 Oxe
1449 1021 1546 1073 eM.
1587 1021 1701 1074 Ter.
1743 1020 1896 1073 Varr.
1949 1021 2213 1074 librorum
2255 1022 2318 1074 de
2356 1023 2390 1074 l.
2422 1023 2456 1074 l.

272 1112 665 1182 argumentum'
707 1130 757 1179 p.
795 1111 917 1179 7sq.
951 1108 1040 1183 (cf.
1076 1111 1238 1163 etiam
1278 1130 1327 1179 p.
1365 1112 1432 1163 12
1452 1108 1568 1181 sq).
1602 1142 1667 1148 -
1706 1110 1917 1163 Primae
1957 1112 2126 1180 partis
2166 1111 2293 1163 libri
2332 1115 2458 1164 sunt

271 1200 355 1252 bis
394 1201 535 1252 terni
575 1198 650 1271 (p.
683 1200 733 1268 4,
758 1200 924 1268 2sqq.
966 1203 1018 1252 et
1060 1201 1107 1268 6,
1136 1200 1200 1252 17
1223 1218 1314 1267 sq,
1359 1200 1478 1267 123,
1508 1200 1572 1251 17
1594 1198 1759 1270 sqq.):
1801 1203 1909 1252 tres
1950 1200 2017 1252 ad
2059 1199 2458 1268 Septumium

271 1289 423 1342 missi
464 1286 741 1359 (II—IV),
797 1291 904 1340 tres
946 1289 1013 1340 ad
1054 1287 1421 1341 Ciceronem
1463 1286 1765 1359 (V—VII):
1815 1307 2043 1357 quorum
2082 1290 2140 1340 in
2180 1289 2455 1343 secundo

274 1377 565 1445 dicebatur,
607 1377 734 1428 ‘cur
774 1375 1212 1445 ἑτυμολογικὴ
1254 1395 1455 1445 neque
1498 1395 1597 1428 ars
1639 1378 1724 1429 sit
1763 1395 1964 1446 neque
2005 1397 2074 1430 ea
2111 1378 2297 1430 utilis
2339 1377 2459 1445 sit',

271 1466 328 1518 in
382 1466 579 1518 tertio
638 1467 766 1518 ‘cur
821 1469 881 1517 et
936 1484 1034 1517 ars
1091 1484 1159 1517 ea
1215 1466 1299 1517 sit
1357 1468 1416 1517 et
1470 1465 1656 1517 utilis
1713 1466 1842 1533 sit',
1898 1466 1953 1518 in
2007 1470 2236 1534 quarto
2281 1467 2458 1533 ‘quae

268 1555 474 1607 forma
514 1555 600 1607 sit
640 1555 1118 1624 etymologiae’:
1170 1555 1261 1623 qui
1301 1554 1428 1606 libri
1467 1557 1575 1606 tres
1616 1573 1722 1606 una
1762 1572 1882 1606 cum
1922 1555 2061 1607 libro
2102 1556 2292 1623 primO,
2332 1556 2381 1607 h.
2416 1573 2457 1607 e.

270 1644 602 1713 praefatione
642 1645 809 1696 totius
851 1644 1045 1712 operiS,
1088 1643 1487 1711 interciderunt,
1538 1643 1647 1695 nisi
1689 1643 1831 1710 quod
1872 1643 2133 1696 librorum
2173 1643 2251 1696 IlI
2290 1647 2342 1696 et
2380 1643 2460 1696 IV

271 1733 593 1801 paucissima
632 1732 932 1801 fragmenta
973 1736 1198 1785 exstant.
1264 1731 1379 1784 Hos
1420 1735 1600 1784 autem
1640 1731 1809 1783 libros
1849 1750 1991 1784 nunc
2032 1732 2333 1800 deperditos
2367 1734 2460 1801 qui

272 1822 545 1891 excipiunt
584 1821 711 1874 libri
750 1825 858 1874 tres
900 1822 1228 1890 superstites,
1285 1839 1469 1873 eorum
1529 1819 1795 1889 quintus
1851 1824 1931 1873 est
1980 1822 2042 1873 de
2091 1822 2458 1892 originibus

271 1911 626 1963 ‘verborum
681 1912 970 1964 locorum
1025 1915 1084 1963 et
1140 1929 1352 1963 earum
1410 1928 1617 1961 rerum
1668 1927 1824 1977 quae
1881 1910 1945 1961 in
1982 1911 2145 1963 locis
2186 1929 2321 1963 esse
2363 1929 2458 1962 so-

267 2000 443 2069 lent’,
491 2003 709 2053 sextus
760 2001 822 2052 de
874 2000 1210 2053 vocabulis
1260 2003 1619 2067 temporum
1671 2002 1731 2050 et
1781 2018 1990 2051 earum
2031 2018 2239 2052 rerum
2282 2000 2459 2068 ‘quae

270 2090 334 2141 in
372 2089 767 2158 temporibus
808 2089 1017 2158 fiunt’,
1057 2089 1372 2157 septimus
1415 2106 1478 2140 ex
1518 2087 1700 2141 eadem
1739 2089 2029 2155 partitione
2071 2089 2134 2140 de
2174 2089 2389 2142 verbis
2430 2108 2461 2142 a

268 2180 482 2247 poetis
538 2179 887 2247 usurpatis
979 2178 1246 2232 Secuntur
1301 2178 1521 2230 alterius
1576 2177 1796 2229 hexadis
1853 2175 1941 2248 (cf.
1998 2197 2047 2246 p.
2087 2178 2214 2248 131,
2259 2178 2326 2230 13
2346 2196 2458 2246 sqq.

272 2265 609 2339 174,4sqq.)
650 2271 758 2320 tres
796 2267 924 2320 libri
964 2268 1191 2338 priores:
1248 2268 1305 2319 in
1363 2270 1595 2320 octavo
1652 2269 1778 2318 sunt
1833 2284 1991 2334 quae
2047 2271 2271 2320 contra
2317 2286 2458 2319 ana-

267 2357 506 2426 logiam
548 2357 819 2425 dicuntur,
873 2357 929 2409 in
983 2375 1148 2410 nono
1190 2374 1348 2424 quae
1389 2358 1613 2407 contra
1652 2354 2058 2424 anomaliam,
2113 2356 2170 2408 in
2210 2356 2458 2408 decimo

272 2445 500 2514 denique
536 2446 877 2516 analogiae
917 2447 1121 2498 forma
1162 2447 1437 2499 tractatur.
1501 2444 1718 2511 Reliqui
1755 2444 1882 2496 libri
1914 2443 2015 2497 XV
2046 2448 2257 2514 praeter
2291 2463 2461 2514 pauca

273 2552 439 2603 eaque
485 2534 801 2587 tenuissima
846 2535 1149 2605 fragmenta
1189 2534 1394 2587 desunt.
1474 2532 1559 2585 Ex
1607 2532 1801 2600 quibus
1841 2532 1968 2585 libri
2006 2532 2291 2586 XI—-XIII
2332 2533 2459 2602 quid

273 2623 637 2676 continuerint
682 2624 853 2692 ipsius
903 2624 1138 2677 auctoris
1188 2623 1366 2676 verbis
1417 2622 1692 2675 docemur:
1750 2623 1842 2690 qui
1881 2640 2003 2674 cum
2043 2622 2184 2674 dicat
2224 2640 2337 2675 sese
2376 2622 2459 2674 bis

269 2716 450 2765 ternos
487 2712 656 2765 libros
697 2714 958 2766 secundae
997 2713 1167 2782 partis
1207 2713 1477 2765 facturum
1519 2729 1647 2779 esse,
1703 2712 2079 2763 convenienter
2119 2711 2459 2779 dispositioni

269 2801 474 2870 primae
513 2801 733 2854 hexadis
764 2802 919 2855 libris
951 2801 1028 2854 XI
1061 2802 1125 2854 de
1157 2801 1519 2868 vocabuliS,
1558 2798 1662 2851 XII
1695 2800 1758 2851 de
1797 2799 2288 2868 temporalibUS,
2328 2797 2461 2851 XIII

270 2890 334 2942 de
380 2890 655 2957 poeticis
695 2891 1028 2943 vocabulis
1078 2891 1370 2943 locorum
1422 2892 1907 2957 temporumque
1959 2891 2213 2942 tractasse
2264 2889 2457 2941 merito

231 2978 566 3053 ,putabitun
658 2978 859 3031 Mirum
914 2983 993 3032 est
1048 2979 1193 3048 quod
1248 2981 1594 3047 syntaxeos
1656 2995 1767 3029 non
1819 2996 1948 3046 una,
2000 2978 2092 3030 sed
2146 2977 2279 3030 duae
2335 2980 2463 3030 sunt

269 3067 521 3120 hexades:
574 3086 733 3136 quam
784 3068 1259 3121 inconcinnitatem
1298 3067 1593 3119 cavendum
1634 3068 1714 3118 est
1751 3084 1818 3118 ne
1859 3084 1979 3118 cum
2031 3065 2350 3119 Muellero
2405 3068 2461 3118 et

270 3155 640 3209 Ritschelio
668 3155 789 3228 (Op.
815 3156 896 3209 III
928 3177 977 3227 p.
1003 3155 1137 3229 466)
1172 3156 1476 3209 artificiosis
1511 3155 1956 3224 explicationibus
1990 3156 2305 3223 auferamuS,
2338 3172 2459 3206 cum

269 3244 440 3298 Varro
491 3264 558 3298 ne
606 3246 664 3298 in
702 3245 1135 3315 Antiquitatibus
1183 3245 1397 3315 quidem
1448 3246 1661 3315 plenam
1712 3244 2135 3297 concinnitatem
2186 3244 2243 3295 in
2294 3243 2460 3297 altera

269 3336 420 3402 parte
468 3337 681 3387 secutus
730 3336 800 3388 sit
847 3334 938 3407 (cf.
972 3334 1207 3406 Spengel
1254 3332 1441 3404 praef.²
1479 3354 1530 3404 p.
1564 3330 1837 3403 XXXVI).
1915 3331 1979 3385 In
2028 3333 2256 3403 singulis
2304 3331 2459 3385 libris

269 3422 536 3490 quomodo
577 3423 807 3492 scriptor
848 3442 1112 3494 quamque
1152 3424 1431 3476 materiam
1478 3421 1795 3475 tractaverit
1834 3422 2105 3475 nescimus
2115 3464 2130 3491 ,
2169 3421 2273 3473 nisi
2314 3420 2460 3488 quod

270 3509 621 3564 Wilmannsii
660 3512 736 3584 (p.
769 3511 866 3579 20)
915 3514 1253 3566 coniecturae
1295 3512 1557 3581 quaedam
1597 3513 1809 3564 exstant
1847 3528 1945 3580 per
1985 3528 2040 3563 se
2079 3509 2223 3562 haud
2261 3508 2458 3578 impro-

272 3598 500 3653 babiles:
542 3618 768 3669 quarum
808 3620 870 3655 eo
906 3602 1046 3655 redit
1078 3619 1302 3670 summa,
1341 3604 1403 3654 ut
1434 3601 1614 3670 priore
1645 3599 1852 3654 hexade
1884 3600 1955 3652 de
1996 3598 2256 3652 casibus
2296 3597 2460 3651 obli-

273 3688 414 3756 quis
460 3692 521 3741 et
559 3689 897 3743 verborum
935 3690 1163 3743 formis
1203 3693 1519 3759 quatenus
1558 3689 1714 3742 haec
1753 3707 1890 3743 cum
1930 3678 2068 3740 illis
2109 3687 2457 3740 coniuncta

271 3777 424 3847 sint,
464 3779 629 3831 altera
668 3778 731 3830 de
769 3779 1138 3848 proloquiis
1179 3777 1588 3849 simplicibus
1629 3780 1689 3830 et
1735 3776 2120 3847 compositis
2159 3774 2458 3829 Varronem
