2600 4198
262 168 455 214 XXXVI
1121 168 1579 215 PROLEGOMENA

263 304 700 358 adnotationibus
741 322 830 357 eas
868 306 1081 357 tantum
1119 305 1468 373 respeximuS,
1507 323 1643 374 quae
1682 307 1774 358 aut
1812 323 1910 374 per
1941 323 1996 358 se
2034 309 2128 358 aut
2166 324 2232 359 ex
2263 308 2443 359 aucto-

261 394 421 447 ritate
461 393 769 447 criticorum
819 394 876 445 in
915 411 1132 447 censum
1163 393 1404 462 veniant,
1442 392 1547 445 nisi
1587 393 1731 460 quod
1775 394 1937 462 paulo
1984 393 2187 465 largius
2227 395 2442 466 collegi-

261 501 381 535 mus
421 500 555 550 quae
601 486 723 550 post
767 480 1179 552 Spengelianam
1218 483 1439 534 alteram
1487 482 1698 550 prolata
1744 482 1972 535 necdum
2012 485 2237 536 collecta
2276 487 2441 537 erant.

261 570 611 624 Accuratiora
650 571 744 640 qui
783 570 917 622 scire
957 570 1138 639 cupiat
1186 588 1307 623 cum
1348 570 1411 622 de
1450 570 1569 623 aliis
1620 570 1781 623 rebus
1827 572 1944 622 tum
1994 570 2058 623 de
2108 571 2296 626 critico
2346 572 2441 625 illo

263 678 420 728 quem
473 659 529 712 B
578 659 759 711 littera
813 659 1070 712 indicavit
1129 659 1468 730 SpengeliuS‚
1524 658 1586 711 de
1643 676 1749 727 quo
1806 676 1968 728 supra
2019 678 2071 728 p.
2126 659 2333 713 XXXII
2366 679 2441 729 sq.

262 748 359 801 sub
422 766 644 801 numero
704 747 771 800 19
828 747 1075 816 diximus,
1131 747 1542 817 Spengelianam
1604 748 1778 815 ipsam
1833 747 2009 799 adeat:
2072 765 2177 815 qua
2228 752 2289 801 ut
2345 767 2476 802 nos>

264 855 478 905 quoque
519 840 671 907 grato
712 837 891 889 animo
931 836 1017 889 usi
1057 855 1265 905 summ,
1304 837 1380 888 ita
1420 835 1768 888 exscribendo
1809 836 2256 905 compilandoque
2296 838 2445 891 abuti

261 926 556 995 noluimUS,
619 926 931 994 praesertim
988 944 1108 978 cum
1166 943 1478 995 persuasum
1540 925 1830 977 habeamus
1886 924 1997 996 ὅσῳ
2052 924 2222 978 πλέον
2276 926 2444 995 ἥμισυ

260 1017 475 1077 παντός.

409 1103 671 1156 Pauciora
718 1103 880 1155 etiam
928 1103 990 1154 de
1031 1103 1357 1155 editionibus
1398 1103 1586 1155 afferre
1626 1103 1679 1154 in
1721 1103 1899 1155 animo
1940 1106 2032 1155 est.
2125 1102 2210 1155 Ex
2250 1103 2444 1172 quibus

264 1192 427 1245 editio
471 1212 510 1245 s.
542 1193 575 1245 l.
617 1195 671 1244 et
709 1211 753 1244 a.
796 1192 936 1244 circa
975 1211 1017 1244 a.
1051 1190 1465 1244 MCCCCLXXI
1494 1195 1679 1260 parata
1710 1209 1740 1242 a
1771 1189 2070 1259 Pomponio
2102 1191 2298 1244 Laeto
2332 1193 2445 1244 cive

263 1281 508 1333 Romano
549 1299 657 1332 non
698 1280 856 1332 modo
910 1311 985 1318 —
1038 1283 1100 1333 ut
1146 1283 1258 1332 tam
1298 1282 1497 1332 multae
1536 1280 1808 1349 principes
1862 1310 1935 1317 —
1988 1284 2264 1348 tamquam
2304 1281 2445 1350 prin-

263 1388 388 1439 ceps
441 1369 707 1421 laudanda
762 1372 864 1436 est,
920 1369 1012 1421 sed
1064 1369 1221 1420 etiam
1276 1371 1497 1437 propter
1542 1369 1713 1421 multa
1760 1369 1973 1438 egregie
2029 1369 2308 1421 emendata
2361 1371 2447 1422 vel

267 1459 527 1527 suppleta,
569 1476 702 1526 quae
743 1458 884 1509 inter
924 1474 1128 1509 errores
1162 1457 1713 1525 interpolationesque
1747 1457 2041 1525 splendent.
2104 1457 2270 1510 Velut
2300 1457 2350 1509 V
2376 1457 2446 1510 85

262 1548 685 1600 additamentum
744 1547 887 1614 quod
942 1547 1083 1598 inter
1136 1564 1386 1614 perversa
1447 1547 1730 1614 minusque
1792 1546 2088 1598 verecunda
2147 1547 2448 1599 numeravit

263 1636 579 1706 Spengelius
618 1634 814 1705 praef.2
852 1655 902 1704 p.
935 1634 1039 1687 XV
1077 1654 1245 1703 prope
1285 1653 1469 1687 verum
1518 1653 1632 1687 esse
1670 1634 1830 1687 hodie
1869 1635 2246 1687 intelleximus.
2324 1635 2448 1687 Par-

261 1726 459 1778 mensis
485 1744 528 1777 a.
548 1723 987 1777 MOCOCLXXX
1011 1725 1286 1791 ceteroqui
1311 1724 1545 1792 principi
1570 1742 1631 1777 ac
1656 1722 1893 1776 Venetae
1922 1743 1965 1776 a.
1984 1722 2448 1777 MCCOCLXXIV

262 1815 539 1867 simillima
595 1814 682 1884 (cf.
742 1813 975 1884 Spengel
1029 1812 1217 1881 praef.¹
1269 1832 1320 1882 11.
1368 1811 1581 1883 XXIV)
1638 1811 1866 1882 insignis
1918 1816 1998 1864 est
2054 1813 2121 1865 ob
2176 1812 2449 1865 Francisci

262 1903 682 1956 Rholandelli
722 1922 919 1971 curam,
959 1904 1087 1954 item
1121 1901 1328 1954 Veneta
1368 1920 1412 1953 a.
1437 1899 1824 1953 MCCCOXCII
1864 1901 1931 1953 ob
1972 1901 2251 1954 Michaelis
2291 1902 2449 1954 Ben-

262 1993 385 2045 tini
441 1993 821 2063 castigationes
878 1991 1088 2060 saepius
1144 1991 1415 2059 repetitas.
1494 1990 1698 2042 Deinde
1755 2009 1874 2042 cum
1929 1993 1986 2043 in
2040 1990 2448 2043 Mediolaniensi

263 2100 308 2135 a.
333 2081 495 2134 MDX
518 2081 592 2134 Io.
620 2082 774 2151 Bapt.
800 2081 950 2134 Pius
984 2100 1094 2134 non
1133 2081 1209 2132 ita
1242 2080 1471 2132 multum
1503 2080 1847 2148 praestiterit,
1877 2083 2067 2131 notum
2101 2083 2181 2132 est
2214 2080 2305 2131 diu
2337 2079 2450 2133 vul·

263 2175 417 2241 gatae
450 2172 532 2223 ius
559 2171 856 2222 obtinuisse
882 2170 1171 2222 editionem
1198 2169 1494 2221 Romanam
1521 2188 1565 2220 a.
1589 2166 1852 2220 MDLVH
1878 2169 2108 2219 multum
2133 2171 2185 2220 et
2210 2187 2241 2220 a
2264 2167 2449 2220 multis

263 2279 384 2313 cum
410 2260 744 2312 emendatam
770 2263 886 2311 tum
912 2261 1221 2327 corruptam
1248 2261 1406 2326 atque
1433 2257 1811 2326 interpolatam
1837 2255 2064 2309 Antonii
2088 2255 2448 2327 Augustini

262 2348 365 2402 Icti
405 2347 793 2417 archiepiscopi
834 2348 1263 2415 Tarraconensis,
1313 2348 1404 2414 qui
1444 2346 1583 2399 inter
1624 2346 1757 2398 alios
1799 2364 1852 2398 se
1893 2345 2134 2397 adiutum
2176 2364 2289 2399 esse
2328 2362 2449 2414 pro-

263 2439 447 2491 fitetur
496 2438 575 2490 ab
632 2437 843 2508 Angelo
901 2436 1137 2505 Colotio,
1210 2434 1433 2487 Octavio
1495 2434 1861 2504 PantagathO,
1934 2434 2181 2487 Gabriele
2242 2433 2285 2486 F
2288 2452 2447 2487 aerno

268 2528 586 2597 saepiusque
629 2526 827 2579 ‘amici'
874 2526 1207 2578 coniecturas
1248 2525 1304 2576 in
1343 2524 1584 2594 margine
1626 2524 1926 2592 adscripsit.
1996 2523 2156 2576 Hunc
2194 2527 2319 2592 post
2359 2541 2450 2576 sex

262 2635 430 2669 annos
470 2617 679 2685 excepit
717 2615 969 2686 Lugduni
1008 2614 1077 2666 M.
1112 2613 1445 2666 Vertranii
1484 2611 1658 2664 Mauri
1690 2611 1790 2665 Icti
1831 2630 1991 2681 opera
2030 2615 2082 2664 et
2122 2631 2165 2664 a.
2191 2611 2451 2665 MDLXV

264 2710 478 2759 secutus
519 2709 601 2758 est
633 2704 895 2774 Iosephus
930 2704 1219 2772 Scaliger
1258 2703 1315 2754 in
1354 2701 1726 2769 coniectaneis,
1766 2719 1900 2769 quas
1939 2720 2046 2753 una
2079 2719 2197 2754 cum
2223 2701 2450 2754 Adriani

264 2796 432 2849 Turn
446 2794 548 2847 ebi
580 2794 1048 2847 emendationibus
1081 2796 1133 2844 et
1166 2791 1564 2845 commentariis
1597 2791 1863 2859 postumis
1888 2789 2154 2842 Henricus
2181 2787 2450 2858 Stepha-

262 2902 379 2938 nus
419 2884 474 2935 in
514 2883 749 2936 editione
789 2900 832 2934 a.
874 2879 1161 2934 MDLXIX
1216 2883 1270 2932 et
1324 2878 1669 2946 sequentibus
1718 2897 1838 2932 cum
1890 2878 2181 2947 appendice
2220 2878 2449 2932 iteravit.

265 2971 506 3025 Proximi
546 2972 745 3024 saeculi
783 2971 940 3023 initio
976 2969 1252 3022 Ausonius
1291 2968 1528 3037 Popma
1559 2966 1760 3020 Frisius
1799 2967 1898 3020 hos
1937 2967 2103 3019 libros
2144 2986 2261 3020 cum
2304 2969 2450 3021 notis

265 3065 318 3113 et
371 3060 727 3113 coniectaneis
776 3078 841 3112 ex
893 3060 1110 3112 officina
1149 3057 1491 3110 Plantiniana
1536 3056 1703 3109 edidit
1743 3074 1989 3125 annoque
2027 3055 2235 3108 MDGV
2272 3054 2450 3126 Ingol-

268 3150 427 3203 stadii
479 3149 748 3203 recensuit
790 3146 993 3218 Gaspar
1033 3146 1401 3216 Scioppius:
1453 3146 1603 3199 cuius
1654 3146 1756 3198 viri
1802 3164 1998 3198 nomen
2038 3146 2249 3215 saepius
2290 3163 2450 3213 quam

268 3239 467 3292 meruit
505 3238 883 3308 apponendum
923 3241 1057 3304 erat,
1115 3237 1316 3305 quippe
1359 3254 1479 3289 cum
1521 3235 1619 3287 sub
1661 3252 1722 3287 eo
1763 3234 1966 3287 lateant
2004 3235 2191 3305 ignota
2230 3237 2283 3286 et
2322 3234 2451 3287 alio-

266 3347 386 3380 rum
426 3331 480 3380 et
518 3327 696 3380 Fulvii
737 3327 960 3380 Ursini
999 3326 1294 3394 conamina,
1334 3343 1490 3394 quem
1530 3355 1603 3362 --
1640 3325 1770 3376 item
1801 3322 2069 3376 Faernum
2109 3323 2346 3391 aliosque
2377 3353 2450 3360 -

270 3417 416 3470 haud
453 3435 575 3471 raro
617 3418 1024 3483 commemorat,
1065 3414 1158 3467 sed
1197 3414 1407 3482 saepius
1446 3413 1753 3466 adhibuisse
1793 3431 1951 3482 quam
1992 3413 2295 3465 nominasse
2333 3429 2449 3464 cen·

270 3506 462 3558 sendus
516 3509 621 3575 est,
668 3510 730 3559 ut
781 3503 1083 3558 accuratius
1123 3502 1513 3556 demonstravit
1553 3501 1786 3573 Spengel
1823 3499 2019 3570 praef.²
2055 3520 2106 3570 p.
2137 3499 2319 3554 XXIX
2335 3518 2448 3569 sqq.

266 3594 448 3647 Editio
508 3594 864 3665 Bipontina
919 3593 1044 3647 anni
1098 3590 1633 3645 MDGCLXXXVIII
1682 3591 1888 3661 priores
1943 3592 2186 3642 accurate
2240 3606 2451 3642 enume-

270 3701 394 3736 rans
448 3684 568 3736 ideo
624 3683 811 3736 multis
857 3685 1011 3755 grata
1058 3684 1379 3750 acceptaque
1425 3681 1551 3749 fuit,
1605 3681 1730 3749 quia
1770 3679 2203 3732 commodissime
2241 3680 2451 3747 praeter

271 3771 575 3842 fragmenta
632 3773 875 3825 adiunxit
925 3770 1153 3824 Antonii
1195 3769 1432 3823 Turnebi
1473 3768 1733 3840 Scaligeri
1770 3768 2006 3838 Popmae
2058 3766 2449 3821 adnotationes:
