2600 4198
1006 157 1481 202 ADNOTATIONES
2225 157 2258 207 2
2264 156 2293 208 7
2303 158 2330 209 l

303 302 387 361 93,
416 302 497 348 12.
537 301 595 347 ut
627 300 714 360 qui
746 314 804 346 ac
836 314 934 360 qua
965 314 1017 347 re
1049 314 1127 347 res
1158 299 1298 346 utilis
1331 298 1393 345 ad
1418 298 1549 346 Ellis
1571 313 1624 358 p.
1653 300 1757 346 361
1792 299 1962 346 litteris
1993 298 2164 346 melius
2194 299 2334 347 satis-

149 383 339 442 faciens
363 382 720 442 quampriores
746 377 826 442 (ut
850 396 879 428 a
905 396 1005 442 qua
1027 395 1080 427 re
1104 395 1182 429 res
1207 379 1375 428 valida
1401 378 1465 426 ad
1487 379 1567 440 Sp.
1579 396 1597 438 ;
1627 382 1684 427 ut
1708 380 1796 441 qui
1822 394 2043 442 quaeque
2068 394 2146 427 res
2169 380 2338 427 valcat

149 463 214 510 ad
237 460 300 510 A.
318 456 441 528 Sp),
471 463 733 510 sententiae
764 477 912 522 quam
933 461 1279 522 praecedentia
1309 462 1533 509 indicant
1561 475 1659 508 non
1689 462 1847 521 maqis
1876 462 2199 521 satisfaciens,

301 544 384 603 93,
413 544 496 591 13.
540 542 615 602 Cf.
653 542 704 591 Ο.
722 543 783 590 F.
805 544 880 591 W.
898 544 1112 591 Mueller
1143 544 1172 590 l.
1205 557 1242 591 s.
1275 557 1312 590 s.
1336 558 1388 602 p.
1418 543 1530 589 871
1543 559 1560 600 ,·
1590 544 1674 590 vix
1703 544 1965 603 eeuqmatis
1997 545 2162 603 siqura
2193 544 2336 590 licen-

149 627 246 673 tius
276 625 494 673 adhibita
523 626 821 684 infinitivum
853 626 919 673 ad
948 624 1403 686 reprehendendum
1437 624 1618 671 trahas.

300 708 383 766 93,
411 708 493 755 20.
539 705 612 767 Of.
645 706 724 767 Sp.
749 722 803 767 p.
838 706 1050 753 XLIII.
1090 701 1246 769 <se>d
1276 707 1351 753 ita
1381 707 1440 751 ut
1472 706 1608 761 Mue,
1647 702 1803 769 <se>d
1836 707 1879 753 is
1911 708 1970 753 ut
1993 705 2055 753 A.
2074 705 2153 765 Sp.
2165 723 2179 752 .·
2211 720 2335 766 quae

147 788 281 835 nullo
312 789 452 836 modo
492 789 749 848 sufficiunt
790 788 856 836 ad
889 803 1017 849 quac
1051 803 1161 835 cum
1204 786 1512 848 temporibus
1548 789 1663 834 sunt
1695 788 1957 835 coniuncta
1991 790 2032 834 et
2063 803 2189 848 quae
2223 802 2334 834 cum

147 869 224 917 his
255 869 357 917 sint
389 871 651 917 coniuncta
683 871 810 917 inter
840 884 890 916 se
922 869 1271 928 coniun-qenda.

303 960 387 1020 94,
415 961 461 1006 2.
500 959 779 1019 Dactylicos
811 971 1036 1005 numeros
1069 961 1180 1006 ante
1211 957 1479 1016 Berqhium
1510 958 1679 1004 statuit
1707 957 1936 1018 Sealiqer.

299 1041 382 1100 94,
410 1041 457 1086 4.
497 1040 675 1088 intuiti
694 1042 737 1088 et
752 1040 998 1087 attuimur
1012 1039 1313 1086 servavimus
1333 1053 1389 1085 ea
1411 1040 1600 1086 ratione
1617 1054 1764 1099 quam
1787 1053 1940 1099 supra
1959 1039 2048 1099 (ad
2065 1055 2116 1099 p.
2141 1042 2222 1096 61,
2244 1040 2335 1100 16)

148 1122 542 1182 explanavimus:
571 1118 656 1170 ubi
677 1122 899 1182 plerique
929 1121 1134 1180 simplex
1165 1121 1364 1167 verbum
1388 1122 1711 1168 restituerunt.
1766 1136 1863 1182 qua
1889 1122 1942 1168 at
1966 1120 2153 1168 tuimur
2176 1122 2335 1169 Lach-

147 1206 302 1251 mann
326 1203 392 1251 ad
415 1203 565 1251 Lucr.
594 1203 640 1251 V
663 1205 831 1251 1033:
862 1205 941 1251 cui
972 1204 1234 1250 assentitur
1261 1202 1444 1250 Vahlen
1468 1194 1627 1249 Enn.²
1642 1217 1694 1262 p.
1718 1204 1785 1250 99
1813 1201 1895 1263 (cf.
1920 1218 1973 1263 p.
1994 1203 2257 1250 XXXIII
2266 1218 2335 1264 sq.

150 1283 339 1345 CLII).
385 1284 458 1345 Cf.
491 1285 605 1333 Keil
638 1285 704 1332 ad
738 1285 880 1333 Varr.
914 1285 958 1334 d.
991 1300 1033 1331 r.
1064 1300 1103 1331 r.
1127 1299 1180 1344 p.
1212 1284 1326 1343 5sq.

297 1376 380 1434 94,
409 1376 452 1421 7.
498 1373 572 1435 Cf.
596 1374 761 1435 Bequ
787 1374 957 1434 Opusc.
983 1373 1020 1420 I
1029 1389 1081 1434 p.
1112 1375 1231 1421 403.
1274 1376 1547 1435 saeptumst
1578 1369 1786 1437 <mare>
1811 1371 1873 1420 A.
1891 1373 1973 1434 Sp.
2007 1400 2079 1407 —
2116 1373 2336 1422 Ceterum

144 1456 325 1503 Naevii
355 1470 421 1512 v.,
453 1471 593 1516 quem
624 1456 777 1503 Bothe
810 1456 1020 1503 eaelzibuit
1049 1455 1175 1504 Poet.
1208 1455 1282 1503 Sc.
1315 1456 1396 1503 lat.
1433 1456 1479 1504 V
1505 1457 1541 1503 2
1568 1471 1620 1515 p.
1647 1457 1734 1512 27,
1765 1470 1917 1515 neque
1947 1455 2157 1504 Ribbeck
2186 1471 2337 1517 neque

144 1538 398 1585 Baehrens
431 1540 607 1598 recepit
637 1539 762 1586 inter
792 1539 1068 1597 fraqmenta
1099 1539 1301 1596 itemque
1335 1537 1640 1585 desideratur
1663 1539 1717 1585 in
1744 1538 1879 1585 Thes.
1908 1539 1935 1584 l.
1962 1538 1991 1584 l.
2017 1552 2054 1585 s.
2079 1553 2122 1586 v.
2150 1538 2335 1586 concha

148 1612 224 1684 (at
256 1622 407 1667 exstat
437 1621 525 1666 sub
558 1612 822 1685 caerulus).

298 1710 381 1768 94,
412 1710 476 1756 13
497 1724 562 1769 sq.
617 1708 690 1769 Of.
723 1709 887 1770 Beryh
923 1708 1092 1768 Opusc.
1126 1709 1198 1755 II
1214 1724 1268 1768 p.
1303 1710 1419 1755 737
1453 1711 1494 1755 et
1527 1702 1719 1756 ‘Beurf
1743 1724 1796 1769 p.
1830 1710 1930 1766 22;
1962 1709 2154 1757 Iordan
2189 1705 2333 1757 ‘Krit

146 1786 320 1838 Beitr.’
345 1806 398 1850 p.
429 1792 525 1849 90,·
561 1791 744 1838 Thulin
771 1787 903 1839 ‘Ital
928 1805 1052 1838 sacr.
1071 1791 1236 1838 Poesie
1260 1806 1306 1837 u.
1324 1786 1499 1837 Prosa'
1518 1806 1570 1849 p.
1602 1792 1670 1837 66
1686 1804 1752 1851 sq.
1774 1815 1828 1823 —
1854 1806 1964 1838 mea
1987 1791 2063 1837 ita
2078 1790 2159 1850 Sp.
2184 1792 2338 1840 mcita

145 1873 459 1931 artificiosius
492 1875 679 1920 tutatur
694 1872 958 1921 Stowasser
974 1870 1119 1920 Arch.
1159 1872 1268 1919 VII
1287 1888 1337 1931 p.
1368 1869 1486 1919 444.
1537 1874 1669 1919 meta
1703 1871 1794 1931 (sic
1828 1873 1895 1919 ed.
1921 1888 2026 1932 pr.,
2061 1873 2214 1929 Vertr,
2248 1873 2334 1931 al..)

146 1954 278 2002 Ellis
311 1955 339 2001 l.
372 1969 409 2002 s,
441 1968 478 2001 s.
504 1970 557 2015 p.
594 1956 702 2002 362
741 1968 849 2002 cum
890 1955 989 2002 cod.
1026 1954 1176 2002 Vatic.
1218 1957 1328 2001 teste
1359 1952 1667 2001 Antonibono
1699 1969 1750 2013 p.
1790 1955 1856 2001 93
1899 1947 1966 2019 (et
2002 1968 2113 2002 mox
2145 1956 2217 2002 bis
2251 1956 2333 2002 ob-

145 2029 343 2103 latera).

296 2127 378 2187 94,
407 2127 488 2172 14.
528 2124 612 2172 Ad
644 2126 871 2186 quirquir
903 2125 960 2183 cf.
996 2124 1067 2171 Io.
1093 2124 1309 2171 Schmidt
1338 2126 1392 2171 in
1422 2124 1613 2171 Kuhnii
1644 2123 1748 2172 Act.
1782 2124 2011 2171 XXXII
2025 2140 2078 2184 p.
2108 2126 2217 2172 415
2232 2140 2331 2185 sqq.

297 2208 380 2267 94,
409 2209 490 2254 17.
532 2206 837 2254 contuitione
869 2207 1070 2267 Maeltly
1104 2202 1177 2253 τΖ.
1211 2206 1339 2253 Krit.
1373 2206 1454 2253 lat.
1485 2201 1644 2254 Teaete'
1682 2208 1751 2254 ed.
1788 2222 1832 2254 a.
1871 2208 2014 2254 1886
2039 2222 2092 2266 p.
2125 2207 2167 2254 5.

296 2289 380 2349 95,
407 2290 523 2349 4sq.
566 2284 692 2349 ‘fort
726 2288 850 2336 dicit
881 2289 1207 2349 conspicionc,
1241 2287 1382 2335 addit
1414 2285 1738 2336 cortumione'
1772 2287 1870 2347 Sp„
1902 2302 2001 2336 non
2032 2292 2177 2336 recte:
2208 2288 2334 2337 idem

155 2371 311 2419 Varro
355 2371 439 2430 qui
482 2373 626 2417 antea
667 2370 932 2428 formulam
974 2371 1234 2428 respiciens
1277 2371 1589 2432 conspicionc
1622 2371 1826 2426 diderat,
1858 2371 1944 2419 hoc
1975 2371 2074 2419 loco
2117 2372 2334 2430 formula

145 2454 356 2512 neylecta
383 2453 732 2512 yrammaticae
764 2452 1067 2511 obtemperat.

298 2543 381 2602 95,
410 2543 491 2588 17.
542 2540 681 2589 Vocis
713 2540 841 2587 clam
871 2542 926 2588 in
948 2539 1001 2586 F
1020 2541 1225 2588 omissae
1254 2541 1507 2600 vestiyium
1538 2541 1620 2588 via·
1650 2544 1772 2588 recte
1797 2555 2006 2600 quaeras
2037 2542 2090 2588 in
2124 2542 2334 2589 eiusdem

144 2624 388 2683 scriptura
420 2622 582 2670 clavet
604 2636 701 2682 pro
735 2622 881 2670 cluet.

297 2705 382 2765 95,
410 2705 492 2752 19.
537 2702 611 2763 Cf.
644 2704 854 2764 Madviy
885 2702 1011 2751 Adv.
1045 2703 1117 2750 II
1133 2719 1187 2763 p.
1229 2706 1355 2752 172.
1398 2707 1486 2752 aut
1518 2704 1593 2751 dcl
1623 2704 1705 2764 Sp.

298 2787 382 2847 96,
409 2787 455 2834 3.
497 2785 705 2834 dicimus
739 2781 909 2833 ‘vellet
939 2785 1070 2832 tueri
1094 2781 1285 2833 villam'
1312 2786 1441 2834 Ellis
1474 2787 1503 2834 l.
1530 2800 1565 2833 s.
1591 2800 1628 2834 s.
1652 2801 1704 2846 p.
1735 2787 1855 2833 362.
1898 2785 2104 2834 dicimus
2130 2786 2330 2834 vilicum

146 2869 276 2916 tueri
300 2867 474 2915 villam
497 2865 790 2915 Antonibon.
842 2867 1019 2915 Versus
1049 2865 1208 2914 Ovidii
1232 2868 1563 2916 demonstrant
1584 2867 1891 2915 scribendum
1916 2882 2013 2915 esse
2037 2868 2155 2916 duce
2179 2868 2332 2915 Laeto

146 2953 201 2997 ut
230 2951 586 3005 adnotavimus,
619 2952 671 2996 ut
695 2949 867 2996 villam
892 2963 987 3009 pro
1018 2949 1118 2996 bell
1150 2949 1187 2995 ὣ
1219 2953 1441 3009 corrupto
1473 2953 1752 3009 temptatum
1784 2951 1860 3005 sit,
1895 2964 2003 3020 cum
2036 2964 2059 2997 e
2091 2951 2332 2998 contrario

138 3045 467 3092 perversaque
497 3032 685 3079 ratione
718 3025 841 3094 [bell
875 3025 947 3095 et]
979 3031 1110 3078 tueri
1142 3030 1315 3078 villam
1345 3033 1593 3092 scripserit
1613 3029 1675 3079 A.
1692 3030 1775 3091 Sp.

299 3121 384 3180 96,
410 3121 456 3167 4.
504 3120 705 3168 Lucreti
735 3135 778 3167 v.
814 3120 894 3167 VI
922 3121 1065 3168 1228
1100 3113 1249 3186 (caeli
1286 3121 1476 3182 templa
1508 3114 1671 3187 tuere)
1714 3124 1756 3168 et
1790 3123 1901 3168 127
1911 3121 1941 3168 5
1975 3114 2329 3187 (aedituentes)

147 3203 330 3261 confert
371 3201 690 3249 Reitzenstein
724 3197 1069 3261 ‘Strassburqer
1099 3198 1356 3249 Festschr?
1393 3218 1446 3262 p.
1484 3202 1602 3250 159.
1637 3229 1709 3235 --
1746 3202 1819 3262 Of.
1863 3202 2065 3250 Skutsch
2099 3199 2330 3250 ‘Plautin

149 3299 192 3330 u.
227 3278 456 3330 Roman.'
482 3297 536 3342 p.
561 3284 635 3330 22
668 3275 749 3347 (de
782 3282 1064 3331 aeditumus
1096 3286 1140 3331 et
1171 3278 1439 3350 aedituus).

300 3364 383 3425 96,
412 3365 493 3411 14.
545 3363 717 3425 spoliis
760 3379 868 3412 cum
898 3366 981 3412 vix
1023 3365 1239 3425 quadret,
1281 3367 1488 3424 fortasse
1520 3369 1676 3414 ortum
1710 3368 1778 3413 est
1819 3380 1874 3413 ea
1905 3366 2230 3426 dittographia
2260 3379 2331 3412 se-

147 3447 335 3506 quentis
358 3445 516 3507 poluS,
547 3448 600 3492 ut
625 3444 812 3493 dudum
833 3445 1050 3506 Scaliqer
1072 3447 1268 3494 coniecit
1297 3446 1427 3508 bigis
1454 3441 1772 3510 continui<s>
1796 3442 1950 3510 se<x>
1975 3445 2080 3507 apti
2107 3441 2331 3509 s<ignis>

147 3529 415 3587 corriqens:
436 3529 551 3586 post
580 3541 720 3586 quem
750 3528 878 3587 quod
907 3528 1009 3587 fere
1040 3541 1202 3574 omnes
1232 3531 1415 3586 recepto
1448 3527 1695 3576 continuis
1727 3542 1810 3575 sex
1842 3543 1951 3576 cum
1981 3527 2168 3586 Popma
2199 3526 2329 3574 binis
2415 3582 2419 3587 ⁴

138 3622 235 3669 pro
277 3607 408 3670 bigis
442 3609 788 3668 probaverunt,
833 3611 953 3656 certe
982 3610 1239 3663 miramur,
1281 3623 1390 3656 cum
1428 3609 1503 3656 bis
1535 3624 1641 3665 sex,
1679 3608 1755 3657 bis
1789 3609 1918 3656 senis
1951 3609 2156 3663 dicatur,
2189 3623 2328 3655 num-

148 3703 296 3749 quam
326 3703 436 3737 vero
465 3688 597 3737 binis
631 3705 726 3738 seX.
781 3687 981 3738 Accedit
1017 3690 1144 3749 quod
1185 3690 1422 3738 Varronis
1461 3691 1788 3751 fraymentum
1827 3690 1937 3749 (sat.
1978 3690 2199 3749 Menipp.
2235 3688 2328 3743 92)

139 3773 254 3831 post
274 3770 511 3830 Popmam
532 3774 653 3819 recte
684 3771 745 3819 ab
777 3771 1000 3819 omnibus
1030 3771 1300 3819 adhibitum
1331 3769 1441 3831 (etsi
1470 3772 1625 3819 variis
1650 3772 1933 3819 coniecturis
1959 3785 2009 3819 eo
2034 3770 2175 3818 abusi
2207 3768 2328 3824 sint)
