<?xml version="1.0" encoding="UTF-8"?>
<!DOCTYPE html PUBLIC "-//W3C//DTD XHTML 1.0 Transitional//EN"
    "http://www.w3.org/TR/xhtml1/DTD/xhtml1-transitional.dtd">
<html xmlns="http://www.w3.org/1999/xhtml" xml:lang="en" lang="en">
 <head>
  <title>
</title>
<meta http-equiv="Content-Type" content="text/html;charset=utf-8" />
  <meta name='ocr-system' content='tesseract 3.04.00' />
  <meta name='ocr-capabilities' content='ocr_page ocr_carea ocr_par ocr_line ocrx_word'/>
</head>
<body>
  <div class='ocr_page' id='page_1' title='image "./delingualatinaqu00varruoft_0351.png"; bbox 0 0 2600 4198; ppageno 0'>
   <div class='ocr_carea' id='block_1_1' title="bbox 1056 127 2380 186">
    <p class='ocr_par' dir='ltr' id='par_1_1' title="bbox 1056 127 2380 186">
     <span class='ocr_line' id='line_1_1' title="bbox 1056 127 2380 186; baseline -0.001 -14"><span class='ocrx_word' id='word_1_1' title='bbox 1056 127 1526 173; x_wconf 80' lang='lat' dir='ltr'>ADNOTATIONES</span> <span class='ocrx_word' id='word_1_2' title='bbox 2270 131 2380 186; x_wconf 83' lang='lat'><em>293</em></span> 
     </span>
    </p>
   </div>
   <div class='ocr_carea' id='block_1_2' title="bbox 178 268 2384 3804">
    <p class='ocr_par' dir='ltr' id='par_1_2' title="bbox 185 268 2384 724">
     <span class='ocr_line' id='line_1_2' title="bbox 351 268 2384 331; baseline 0.001 -14"><span class='ocrx_word' id='word_1_3' title='bbox 351 270 471 331; x_wconf 86' lang='lat'><em>192,</em></span> <span class='ocrx_word' id='word_1_4' title='bbox 498 269 545 317; x_wconf 90' lang='lat'><em>8.</em></span> <span class='ocrx_word' id='word_1_5' title='bbox 584 269 694 317; x_wconf 89' lang='lat' dir='ltr'><em>Hoc</em></span> <span class='ocrx_word' id='word_1_6' title='bbox 714 271 1042 330; x_wconf 76' lang='lat' dir='ltr'><em>fraymentum</em></span> <span class='ocrx_word' id='word_1_7' title='bbox 1068 272 1110 316; x_wconf 90' lang='lat' dir='ltr'><em>et</em></span> <span class='ocrx_word' id='word_1_8' title='bbox 1130 269 1378 328; x_wconf 71' lang='lat' dir='ltr'><em>sequentia</em></span> <span class='ocrx_word' id='word_1_9' title='bbox 1401 269 1528 330; x_wconf 91' lang='lat' dir='ltr'><em>quod</em></span> <span class='ocrx_word' id='word_1_10' title='bbox 1562 268 1839 318; x_wconf 74' lang='lat' dir='ltr'><em>Wlmarms</em></span> <span class='ocrx_word' id='word_1_11' title='bbox 1863 270 1985 317; x_wconf 88' lang='lat' dir='ltr'><em>libro</em></span> <span class='ocrx_word' id='word_1_12' title='bbox 2012 270 2102 317; x_wconf 91' lang='lat' dir='ltr'><em>XI</em></span> <span class='ocrx_word' id='word_1_13' title='bbox 2117 272 2384 320; x_wconf 73' lang='lat' dir='ltr'><em>vindicavit</em></span> 
     </span>
     <span class='ocr_line' id='line_1_3' title="bbox 199 349 2381 414; baseline 0.002 -16"><span class='ocrx_word' id='word_1_14' title='bbox 199 350 448 398; x_wconf 76' lang='lat' dir='ltr'><em>dubitante</em></span> <span class='ocrx_word' id='word_1_15' title='bbox 463 351 728 399; x_wconf 87' lang='lat' dir='ltr'><em>Funaiolio</em></span> <span class='ocrx_word' id='word_1_16' title='bbox 742 365 796 410; x_wconf 92' lang='lat' dir='ltr'><em>p.</em></span> <span class='ocrx_word' id='word_1_17' title='bbox 818 351 938 405; x_wconf 83' lang='lat'><em>187,</em></span> <span class='ocrx_word' id='word_1_18' title='bbox 965 351 1050 399; x_wconf 89' lang='lat' dir='ltr'><em>etsi</em></span> <span class='ocrx_word' id='word_1_19' title='bbox 1070 349 1368 410; x_wconf 77' lang='lat' dir='ltr'><em>probabilem</em></span> <span class='ocrx_word' id='word_1_20' title='bbox 1391 352 1674 398; x_wconf 90' lang='lat' dir='ltr'><em>sententiam</em></span> <span class='ocrx_word' id='word_1_21' title='bbox 1700 365 1798 399; x_wconf 90' lang='lat' dir='ltr'><em>csse</em></span> <span class='ocrx_word' id='word_1_22' title='bbox 1821 353 2049 400; x_wconf 78' lang='lat' dir='ltr'><em>concessit</em></span> <span class='ocrx_word' id='word_1_23' title='bbox 2071 353 2136 400; x_wconf 90' lang='lat' dir='ltr'><em>ad</em></span> <span class='ocrx_word' id='word_1_24' title='bbox 2163 355 2233 400; x_wconf 89' lang='lat'><em>16</em></span> <span class='ocrx_word' id='word_1_25' title='bbox 2247 351 2381 414; x_wconf 76' lang='lat'><em>[25]</em></span> 
     </span>
     <span class='ocr_line' id='line_1_4' title="bbox 186 431 2380 495; baseline 0.001 -16"><span class='ocrx_word' id='word_1_26' title='bbox 186 446 240 492; x_wconf 89' lang='lat' dir='ltr'><em>p.</em></span> <span class='ocrx_word' id='word_1_27' title='bbox 270 433 376 480; x_wconf 88' lang='grc'><em>193</em></span> <span class='ocrx_word' id='word_1_28' title='bbox 409 435 453 479; x_wconf 92' lang='lat' dir='ltr'><em>et</em></span> <span class='ocrx_word' id='word_1_29' title='bbox 473 434 544 481; x_wconf 79' lang='lat'><em>24</em></span> <span class='ocrx_word' id='word_1_30' title='bbox 568 447 621 492; x_wconf 91' lang='lat' dir='ltr'><em>p.</em></span> <span class='ocrx_word' id='word_1_31' title='bbox 651 433 772 487; x_wconf 87' lang='lat'><em>196,</em></span> <span class='ocrx_word' id='word_1_32' title='bbox 804 432 907 479; x_wconf 86' lang='lat' dir='ltr'><em>iam</em></span> <span class='ocrx_word' id='word_1_33' title='bbox 937 433 1112 480; x_wconf 87' lang='lat' dir='ltr'><em>certius</em></span> <span class='ocrx_word' id='word_1_34' title='bbox 1144 433 1288 480; x_wconf 90' lang='lat' dir='ltr'><em>etiam</em></span> <span class='ocrx_word' id='word_1_35' title='bbox 1316 432 1428 480; x_wconf 78' lang='lat' dir='ltr'><em>huic</em></span> <span class='ocrx_word' id='word_1_36' title='bbox 1457 431 1556 479; x_wconf 94' lang='lat' dir='ltr'><em>loco</em></span> <span class='ocrx_word' id='word_1_37' title='bbox 1578 433 1905 494; x_wconf 76' lang='lat' dir='ltr'><em>relinquemus</em></span> <span class='ocrx_word' id='word_1_38' title='bbox 1929 434 2174 482; x_wconf 82' lang='lat' dir='ltr'><em>accedente</em></span> <span class='ocrx_word' id='word_1_39' title='bbox 2202 436 2380 495; x_wconf 78' lang='lat' dir='ltr'><em>fraqm.</em></span> 
     </span>
     <span class='ocr_line' id='line_1_5' title="bbox 198 505 2380 579; baseline 0 -18"><span class='ocrx_word' id='word_1_40' title='bbox 198 510 373 574; x_wconf 80' lang='lat'><em>7[24]</em></span> <span class='ocrx_word' id='word_1_41' title='bbox 388 514 563 561; x_wconf 88' lang='lat' dir='ltr'><em>diserto</em></span> <span class='ocrx_word' id='word_1_42' title='bbox 587 506 803 579; x_wconf 83' lang='lat' dir='ltr'><em>(Iuliani</em></span> <span class='ocrx_word' id='word_1_43' title='bbox 828 516 871 560; x_wconf 86' lang='lat' dir='ltr'><em>et</em></span> <span class='ocrx_word' id='word_1_44' title='bbox 892 505 1145 578; x_wconf 69' lang='lat' dir='ltr'><em>anonymi)</em></span> <span class='ocrx_word' id='word_1_45' title='bbox 1172 514 1451 568; x_wconf 91' lang='lat' dir='ltr'><em>testimonio,</em></span> <span class='ocrx_word' id='word_1_46' title='bbox 1476 514 1603 572; x_wconf 92' lang='lat' dir='ltr'><em>quod</em></span> <span class='ocrx_word' id='word_1_47' title='bbox 1630 515 1908 563; x_wconf 91' lang='lat' dir='ltr'><em>Wilmanns</em></span> <span class='ocrx_word' id='word_1_48' title='bbox 1928 516 2146 563; x_wconf 91' lang='lat' dir='ltr'><em>nondum</em></span> <span class='ocrx_word' id='word_1_49' title='bbox 2167 519 2380 572; x_wconf 79' lang='lat' dir='ltr'><em>noverat,</em></span> 
     </span>
     <span class='ocr_line' id='line_1_6' title="bbox 185 595 2381 658; baseline 0.001 -16"><span class='ocrx_word' id='word_1_50' title='bbox 185 596 480 653; x_wconf 90' lang='lat' dir='ltr'><em>praesertim</em></span> <span class='ocrx_word' id='word_1_51' title='bbox 517 609 627 643; x_wconf 90' lang='lat' dir='ltr'><em>cum</em></span> <span class='ocrx_word' id='word_1_52' title='bbox 673 596 771 654; x_wconf 89' lang='lat' dir='ltr'><em>ipsi</em></span> <span class='ocrx_word' id='word_1_53' title='bbox 816 595 962 642; x_wconf 75' lang='lat' dir='ltr'><em>huius</em></span> <span class='ocrx_word' id='word_1_54' title='bbox 1007 596 1269 655; x_wconf 74' lang='lat' dir='ltr'><em>fraqmenti</em></span> <span class='ocrx_word' id='word_1_55' title='bbox 1309 596 1343 642; x_wconf 91' lang='grc'><em>8</em></span> <span class='ocrx_word' id='word_1_56' title='bbox 1380 596 1638 643; x_wconf 89' lang='lat' dir='ltr'><em>sententiae</em></span> <span class='ocrx_word' id='word_1_57' title='bbox 1686 597 1986 656; x_wconf 76' lang='lat' dir='ltr'><em>adiunqatur</em></span> <span class='ocrx_word' id='word_1_58' title='bbox 2022 611 2201 644; x_wconf 85' lang='lat' dir='ltr'><em>novum</em></span> <span class='ocrx_word' id='word_1_59' title='bbox 2247 598 2381 658; x_wconf 73' lang='lat' dir='ltr'><em>fray-</em></span> 
     </span>
     <span class='ocr_line' id='line_1_7' title="bbox 193 680 418 724; baseline -0.004 0"><span class='ocrx_word' id='word_1_60' title='bbox 193 680 418 724; x_wconf 77' lang='lat' dir='ltr'><em>mentum.</em></span> 
     </span>
    </p>

    <p class='ocr_par' dir='ltr' id='par_1_3' title="bbox 185 764 2383 907">
     <span class='ocr_line' id='line_1_8' title="bbox 355 764 2383 827; baseline 0 -14"><span class='ocrx_word' id='word_1_61' title='bbox 355 767 477 826; x_wconf 85' lang='lat'><em>193,</em></span> <span class='ocrx_word' id='word_1_62' title='bbox 505 767 588 813; x_wconf 87' lang='lat'><em>18.</em></span> <span class='ocrx_word' id='word_1_63' title='bbox 641 765 849 812; x_wconf 73' lang='lat' dir='ltr'><em>catinuli</em></span> <span class='ocrx_word' id='word_1_64' title='bbox 883 764 1184 812; x_wconf 78' lang='lat' dir='ltr'><em>exhibuimus</em></span> <span class='ocrx_word' id='word_1_65' title='bbox 1215 766 1362 812; x_wconf 89' lang='lat' dir='ltr'><em>secuti</em></span> <span class='ocrx_word' id='word_1_66' title='bbox 1385 765 1603 825; x_wconf 90' lang='lat' dir='ltr'><em>priores:</em></span> <span class='ocrx_word' id='word_1_67' title='bbox 1635 780 1730 824; x_wconf 92' lang='lat' dir='ltr'><em>per</em></span> <span class='ocrx_word' id='word_1_68' title='bbox 1760 780 1810 813; x_wconf 92' lang='lat' dir='ltr'><em>se</em></span> <span class='ocrx_word' id='word_1_69' title='bbox 1840 780 1939 813; x_wconf 91' lang='lat' dir='ltr'><em>non</em></span> <span class='ocrx_word' id='word_1_70' title='bbox 1971 780 2182 826; x_wconf 88' lang='lat' dir='ltr'><em>prorsus</em></span> <span class='ocrx_word' id='word_1_71' title='bbox 2211 768 2383 827; x_wconf 77' lang='lat' dir='ltr'><em>neqari</em></span> 
     </span>
     <span class='ocr_line' id='line_1_9' title="bbox 185 845 2261 907; baseline 0 -12"><span class='ocrx_word' id='word_1_72' title='bbox 185 849 346 907; x_wconf 90' lang='lat' dir='ltr'><em>potest</em></span> <span class='ocrx_word' id='word_1_73' title='bbox 389 847 658 896; x_wconf 90' lang='lat' dir='ltr'><em>Varronem</em></span> <span class='ocrx_word' id='word_1_74' title='bbox 692 848 834 894; x_wconf 88' lang='lat' dir='ltr'><em>etiam</em></span> <span class='ocrx_word' id='word_1_75' title='bbox 866 846 1013 895; x_wconf 81' lang='lat' dir='ltr'><em>verba</em></span> <span class='ocrx_word' id='word_1_76' title='bbox 1044 860 1144 893; x_wconf 87' lang='lat' dir='ltr'><em>non</em></span> <span class='ocrx_word' id='word_1_77' title='bbox 1177 845 1335 893; x_wconf 75' lang='lat' dir='ltr'><em>catilli</em></span> <span class='ocrx_word' id='word_1_78' title='bbox 1366 849 1421 893; x_wconf 92' lang='lat' dir='ltr'><em>ut</em></span> <span class='ocrx_word' id='word_1_79' title='bbox 1449 848 1503 893; x_wconf 90' lang='lat' dir='ltr'><em>in</em></span> <span class='ocrx_word' id='word_1_80' title='bbox 1525 851 1782 906; x_wconf 87' lang='lat' dir='ltr'><em>praecepto</em></span> <span class='ocrx_word' id='word_1_81' title='bbox 1822 847 2010 895; x_wconf 84' lang='lat' dir='ltr'><em>adicere</em></span> <span class='ocrx_word' id='word_1_82' title='bbox 2031 848 2261 907; x_wconf 89' lang='lat' dir='ltr'><em>potuisse.</em></span> 
     </span>
    </p>

    <p class='ocr_par' dir='ltr' id='par_1_4' title="bbox 200 922 2382 1070">
     <span class='ocr_line' id='line_1_10' title="bbox 350 922 2382 989; baseline -0.001 -11"><span class='ocrx_word' id='word_1_83' title='bbox 350 929 471 989; x_wconf 86' lang='lat'><em>194,</em></span> <span class='ocrx_word' id='word_1_84' title='bbox 499 929 545 976; x_wconf 89' lang='grc'><em>6.</em></span> <span class='ocrx_word' id='word_1_85' title='bbox 585 943 673 977; x_wconf 79' lang='lat' dir='ltr'><em>vas</em></span> <span class='ocrx_word' id='word_1_86' title='bbox 708 922 1012 975; x_wconf 77' lang='lat' dir='ltr'><em>‘terminata’</em></span> <span class='ocrx_word' id='word_1_87' title='bbox 1039 941 1137 974; x_wconf 86' lang='lat' dir='ltr'><em>non</em></span> <span class='ocrx_word' id='word_1_88' title='bbox 1165 930 1364 983; x_wconf 85' lang='lat' dir='ltr'><em>exstant,</em></span> <span class='ocrx_word' id='word_1_89' title='bbox 1394 928 1479 975; x_wconf 87' lang='lat' dir='ltr'><em>sed</em></span> <span class='ocrx_word' id='word_1_90' title='bbox 1509 929 1619 988; x_wconf 90' lang='lat' dir='ltr'><em>ipsa</em></span> <span class='ocrx_word' id='word_1_91' title='bbox 1650 931 1839 975; x_wconf 86' lang='lat' dir='ltr'><em>tantum</em></span> <span class='ocrx_word' id='word_1_92' title='bbox 1870 929 2106 976; x_wconf 80' lang='lat' dir='ltr'><em>vocabula</em></span> <span class='ocrx_word' id='word_1_93' title='bbox 2129 944 2218 976; x_wconf 80' lang='lat' dir='ltr'><em>vas</em></span> <span class='ocrx_word' id='word_1_94' title='bbox 2242 928 2382 977; x_wconf 84' lang='lat' dir='ltr'><em>vadis</em></span> 
     </span>
     <span class='ocr_line' id='line_1_11' title="bbox 200 1009 2307 1070; baseline -0 -11"><span class='ocrx_word' id='word_1_95' title='bbox 200 1015 243 1059; x_wconf 89' lang='lat' dir='ltr'><em>et</em></span> <span class='ocrx_word' id='word_1_96' title='bbox 272 1011 428 1059; x_wconf 84' lang='lat' dir='ltr'><em>vasis:</em></span> <span class='ocrx_word' id='word_1_97' title='bbox 459 1011 588 1058; x_wconf 87' lang='lat' dir='ltr'><em>unde</em></span> <span class='ocrx_word' id='word_1_98' title='bbox 609 1012 748 1070; x_wconf 90' lang='lat' dir='ltr'><em>patet</em></span> <span class='ocrx_word' id='word_1_99' title='bbox 771 1010 1147 1069; x_wconf 77' lang='lat' dir='ltr'><em>qrammaticum</em></span> <span class='ocrx_word' id='word_1_100' title='bbox 1177 1009 1262 1056; x_wconf 78' lang='lat' dir='ltr'><em>hoc</em></span> <span class='ocrx_word' id='word_1_101' title='bbox 1292 1009 1558 1070; x_wconf 85' lang='lat' dir='ltr'><em>exemplum</em></span> <span class='ocrx_word' id='word_1_102' title='bbox 1592 1011 1657 1057; x_wconf 89' lang='lat' dir='ltr'><em>ad</em></span> <span class='ocrx_word' id='word_1_103' title='bbox 1688 1010 1878 1070; x_wconf 90' lang='lat' dir='ltr'><em>reliqua</em></span> <span class='ocrx_word' id='word_1_104' title='bbox 1911 1011 2307 1059; x_wconf 88' lang='lat' dir='ltr'><em>accommodasse.</em></span> 
     </span>
    </p>

    <p class='ocr_par' dir='ltr' id='par_1_5' title="bbox 190 1090 2382 1805">
     <span class='ocr_line' id='line_1_12' title="bbox 345 1090 2382 1154; baseline -0 -14"><span class='ocrx_word' id='word_1_105' title='bbox 345 1093 466 1154; x_wconf 88' lang='lat'><em>194,</em></span> <span class='ocrx_word' id='word_1_106' title='bbox 495 1093 577 1139; x_wconf 86' lang='lat'><em>12.</em></span> <span class='ocrx_word' id='word_1_107' title='bbox 632 1090 779 1140; x_wconf 77' lang='lat' dir='ltr'><em>Gellii</em></span> <span class='ocrx_word' id='word_1_108' title='bbox 819 1090 967 1139; x_wconf 83' lang='lat' dir='ltr'><em>verba</em></span> <span class='ocrx_word' id='word_1_109' title='bbox 1000 1091 1351 1151; x_wconf 88' lang='lat' dir='ltr'><em>praetermissa</em></span> <span class='ocrx_word' id='word_1_110' title='bbox 1383 1106 1414 1138; x_wconf 93' lang='lat' dir='ltr'><em>a</em></span> <span class='ocrx_word' id='word_1_111' title='bbox 1450 1090 1796 1146; x_wconf 81' lang='lat' dir='ltr'><em>WilmannsiO,</em></span> <span class='ocrx_word' id='word_1_112' title='bbox 1836 1106 1867 1138; x_wconf 94' lang='lat' dir='ltr'><em>a</em></span> <span class='ocrx_word' id='word_1_113' title='bbox 1898 1090 2163 1138; x_wconf 86' lang='lat' dir='ltr'><em>Funaiolio</em></span> <span class='ocrx_word' id='word_1_114' title='bbox 2185 1106 2239 1151; x_wconf 93' lang='lat' dir='ltr'><em>p.</em></span> <span class='ocrx_word' id='word_1_115' title='bbox 2272 1092 2382 1139; x_wconf 77' lang='grc'><em>,278</em></span> 
     </span>
     <span class='ocr_line' id='line_1_13' title="bbox 197 1173 2382 1233; baseline -0.001 -11"><span class='ocrx_word' id='word_1_116' title='bbox 197 1175 311 1222; x_wconf 80' lang='lat' dir='ltr'><em>adn.</em></span> <span class='ocrx_word' id='word_1_117' title='bbox 346 1176 716 1222; x_wconf 70' lang='lat' dir='ltr'><em>commemorata</em></span> <span class='ocrx_word' id='word_1_118' title='bbox 755 1173 842 1221; x_wconf 88' lang='lat' dir='ltr'><em>etsi</em></span> <span class='ocrx_word' id='word_1_119' title='bbox 877 1173 1061 1221; x_wconf 89' lang='lat' dir='ltr'><em>incerta</em></span> <span class='ocrx_word' id='word_1_120' title='bbox 1098 1174 1286 1221; x_wconf 90' lang='lat' dir='ltr'><em>ratione</em></span> <span class='ocrx_word' id='word_1_121' title='bbox 1323 1174 1647 1233; x_wconf 77' lang='lat' dir='ltr'><em>reposuimuS,</em></span> <span class='ocrx_word' id='word_1_122' title='bbox 1682 1175 1841 1221; x_wconf 90' lang='lat' dir='ltr'><em>tamen</em></span> <span class='ocrx_word' id='word_1_123' title='bbox 1872 1174 1985 1220; x_wconf 86' lang='lat' dir='ltr'><em>ausi</em></span> <span class='ocrx_word' id='word_1_124' title='bbox 2022 1186 2193 1220; x_wconf 87' lang='lat' dir='ltr'><em>sumus</em></span> <span class='ocrx_word' id='word_1_125' title='bbox 2225 1173 2382 1221; x_wconf 90' lang='lat' dir='ltr'><em>adsci-</em></span> 
     </span>
     <span class='ocr_line' id='line_1_14' title="bbox 191 1253 2381 1315; baseline -0.001 -11"><span class='ocrx_word' id='word_1_126' title='bbox 191 1269 334 1313; x_wconf 87' lang='lat' dir='ltr'><em>scere,</em></span> <span class='ocrx_word' id='word_1_127' title='bbox 383 1268 491 1303; x_wconf 87' lang='lat' dir='ltr'><em>cum</em></span> <span class='ocrx_word' id='word_1_128' title='bbox 538 1255 661 1303; x_wconf 88' lang='lat' dir='ltr'><em>talia</em></span> <span class='ocrx_word' id='word_1_129' title='bbox 707 1256 762 1302; x_wconf 91' lang='lat' dir='ltr'><em>in</em></span> <span class='ocrx_word' id='word_1_130' title='bbox 807 1253 931 1302; x_wconf 90' lang='lat' dir='ltr'><em>libro</em></span> <span class='ocrx_word' id='word_1_131' title='bbox 965 1253 1056 1302; x_wconf 91' lang='lat' dir='ltr'><em>XI</em></span> <span class='ocrx_word' id='word_1_132' title='bbox 1081 1256 1351 1314; x_wconf 77' lang='lat' dir='ltr'><em>exposuisse</em></span> <span class='ocrx_word' id='word_1_133' title='bbox 1393 1254 1662 1302; x_wconf 87' lang='lat' dir='ltr'><em>Varronem</em></span> <span class='ocrx_word' id='word_1_134' title='bbox 1708 1257 1810 1315; x_wconf 81' lang='lat' dir='ltr'><em>fere</em></span> <span class='ocrx_word' id='word_1_135' title='bbox 1848 1258 2027 1302; x_wconf 89' lang='lat' dir='ltr'><em>certum</em></span> <span class='ocrx_word' id='word_1_136' title='bbox 2065 1256 2131 1302; x_wconf 90' lang='lat' dir='ltr'><em>sit</em></span> <span class='ocrx_word' id='word_1_137' title='bbox 2161 1281 2230 1287; x_wconf 93' lang='lat'><strong>—</strong></span> <span class='ocrx_word' id='word_1_138' title='bbox 2262 1270 2381 1302; x_wconf 86' lang='lat' dir='ltr'><em>nam</em></span> 
     </span>
     <span class='ocr_line' id='line_1_15' title="bbox 190 1336 2380 1397; baseline -0 -12"><span class='ocrx_word' id='word_1_139' title='bbox 190 1338 337 1385; x_wconf 79' lang='lat' dir='ltr'><em>huius</em></span> <span class='ocrx_word' id='word_1_140' title='bbox 381 1337 740 1385; x_wconf 85' lang='lat' dir='ltr'><em>consuetudinis</em></span> <span class='ocrx_word' id='word_1_141' title='bbox 782 1337 1034 1396; x_wconf 75' lang='lat' dir='ltr'><em>vestiqium</em></span> <span class='ocrx_word' id='word_1_142' title='bbox 1076 1336 1150 1383; x_wconf 78' lang='lat' dir='ltr'><em>vel</em></span> <span class='ocrx_word' id='word_1_143' title='bbox 1191 1337 1243 1383; x_wconf 80' lang='lat' dir='ltr'><em>in</em></span> <span class='ocrx_word' id='word_1_144' title='bbox 1275 1336 1560 1384; x_wconf 76' lang='lat' dir='ltr'><em>Florentino</em></span> <span class='ocrx_word' id='word_1_145' title='bbox 1590 1336 1807 1384; x_wconf 87' lang='lat' dir='ltr'><em>relictum</em></span> <span class='ocrx_word' id='word_1_146' title='bbox 1839 1339 1909 1383; x_wconf 87' lang='lat' dir='ltr'><em>est</em></span> <span class='ocrx_word' id='word_1_147' title='bbox 1937 1362 2010 1369; x_wconf 92' lang='lat'>—</span> <span class='ocrx_word' id='word_1_148' title='bbox 2039 1337 2292 1397; x_wconf 87' lang='lat' dir='ltr'><em>ipsumque</em></span> <span class='ocrx_word' id='word_1_149' title='bbox 2323 1336 2380 1384; x_wconf 90' lang='lat' dir='ltr'><em>de</em></span> 
     </span>
     <span class='ocr_line' id='line_1_16' title="bbox 193 1417 2380 1478; baseline -0.001 -11"><span class='ocrx_word' id='word_1_150' title='bbox 193 1419 451 1468; x_wconf 82' lang='lat' dir='ltr'><em>elocutione</em></span> <span class='ocrx_word' id='word_1_151' title='bbox 497 1418 817 1466; x_wconf 89' lang='lat' dir='ltr'><em>testimonium</em></span> <span class='ocrx_word' id='word_1_152' title='bbox 865 1432 921 1465; x_wconf 92' lang='lat' dir='ltr'><em>ex</em></span> <span class='ocrx_word' id='word_1_153' title='bbox 962 1417 1109 1466; x_wconf 80' lang='lat' dir='ltr'><em>Gellii</em></span> <span class='ocrx_word' id='word_1_154' title='bbox 1154 1432 1284 1465; x_wconf 90' lang='lat' dir='ltr'><em>more</em></span> <span class='ocrx_word' id='word_1_155' title='bbox 1324 1418 1389 1464; x_wconf 91' lang='lat' dir='ltr'><em>ad</em></span> <span class='ocrx_word' id='word_1_156' title='bbox 1426 1421 1687 1478; x_wconf 85' lang='lat' dir='ltr'><em>praccepta</em></span> <span class='ocrx_word' id='word_1_157' title='bbox 1726 1420 1780 1466; x_wconf 89' lang='lat' dir='ltr'><em>in</em></span> <span class='ocrx_word' id='word_1_158' title='bbox 1824 1419 2015 1477; x_wconf 77' lang='lat' dir='ltr'><em>scriptis</em></span> <span class='ocrx_word' id='word_1_159' title='bbox 2055 1418 2380 1466; x_wconf 82' lang='lat' dir='ltr'><em>revocandum</em></span> 
     </span>
     <span class='ocr_line' id='line_1_17' title="bbox 191 1497 2380 1560; baseline -0.001 -11"><span class='ocrx_word' id='word_1_160' title='bbox 191 1501 430 1556; x_wconf 79' lang='lat' dir='ltr'><em>videatur,</em></span> <span class='ocrx_word' id='word_1_161' title='bbox 472 1502 597 1548; x_wconf 90' lang='lat' dir='ltr'><em>sicut</em></span> <span class='ocrx_word' id='word_1_162' title='bbox 638 1500 726 1547; x_wconf 90' lang='lat' dir='ltr'><em>sub</em></span> <span class='ocrx_word' id='word_1_163' title='bbox 769 1501 916 1558; x_wconf 78' lang='lat' dir='ltr'><em>finem</em></span> <span class='ocrx_word' id='word_1_164' title='bbox 960 1499 1025 1546; x_wconf 91' lang='lat' dir='ltr'><em>ad</em></span> <span class='ocrx_word' id='word_1_165' title='bbox 1061 1497 1289 1547; x_wconf 79' lang='lat' dir='ltr'><em>Caesaris</em></span> <span class='ocrx_word' id='word_1_166' title='bbox 1332 1500 1390 1547; x_wconf 89' lang='lat' dir='ltr'><em>de</em></span> <span class='ocrx_word' id='word_1_167' title='bbox 1422 1500 1651 1560; x_wconf 75' lang='lat' dir='ltr'><em>analoqia</em></span> <span class='ocrx_word' id='word_1_168' title='bbox 1695 1501 1844 1547; x_wconf 81' lang='lat' dir='ltr'><em>libros</em></span> <span class='ocrx_word' id='word_1_169' title='bbox 1877 1503 2137 1560; x_wconf 84' lang='lat' dir='ltr'><em>provocat,·</em></span> <span class='ocrx_word' id='word_1_170' title='bbox 2177 1500 2380 1560; x_wconf 77' lang='lat' dir='ltr'><em>itemque</em></span> 
     </span>
     <span class='ocr_line' id='line_1_18' title="bbox 191 1574 2378 1648; baseline -0.001 -18"><span class='ocrx_word' id='word_1_171' title='bbox 191 1584 388 1645; x_wconf 71' lang='lat' dir='ltr'><em>patrius</em></span> <span class='ocrx_word' id='word_1_172' title='bbox 422 1575 680 1648; x_wconf 72' lang='lat' dir='ltr'><em>(patritius</em></span> <span class='ocrx_word' id='word_1_173' title='bbox 713 1574 785 1647; x_wconf 83' lang='lat' dir='ltr'><em>P)</em></span> <span class='ocrx_word' id='word_1_174' title='bbox 831 1596 974 1630; x_wconf 80' lang='lat' dir='ltr'><em>casus</em></span> <span class='ocrx_word' id='word_1_175' title='bbox 1017 1580 1253 1629; x_wconf 87' lang='lat' dir='ltr'><em>Varronis</em></span> <span class='ocrx_word' id='word_1_176' title='bbox 1294 1583 1543 1642; x_wconf 75' lang='lat' dir='ltr'><em>patricum</em></span> <span class='ocrx_word' id='word_1_177' title='bbox 1583 1582 1755 1637; x_wconf 87' lang='lat' dir='ltr'><em>reddit,</em></span> <span class='ocrx_word' id='word_1_178' title='bbox 1800 1582 1882 1642; x_wconf 88' lang='lat' dir='ltr'><em>qui</em></span> <span class='ocrx_word' id='word_1_179' title='bbox 1923 1582 2048 1629; x_wconf 90' lang='lat' dir='ltr'><em>redit</em></span> <span class='ocrx_word' id='word_1_180' title='bbox 2076 1581 2164 1627; x_wconf 91' lang='lat' dir='ltr'><em>IX</em></span> <span class='ocrx_word' id='word_1_181' title='bbox 2197 1584 2280 1636; x_wconf 80' lang='lat'><em>14,</em></span> <span class='ocrx_word' id='word_1_182' title='bbox 2309 1582 2378 1628; x_wconf 90' lang='grc'><em>18</em></span> 
     </span>
     <span class='ocr_line' id='line_1_19' title="bbox 195 1658 2379 1722; baseline -0.002 -9"><span class='ocrx_word' id='word_1_183' title='bbox 195 1667 249 1712; x_wconf 92' lang='lat' dir='ltr'><em>in</em></span> <span class='ocrx_word' id='word_1_184' title='bbox 291 1664 389 1712; x_wconf 89' lang='lat' dir='ltr'><em>loco</em></span> <span class='ocrx_word' id='word_1_185' title='bbox 431 1666 543 1712; x_wconf 89' lang='lat' dir='ltr'><em>item</em></span> <span class='ocrx_word' id='word_1_186' title='bbox 577 1658 935 1710; x_wconf 75' lang='lat' dir='ltr'><em>‘Varroniano&#39;</em></span> <span class='ocrx_word' id='word_1_187' title='bbox 967 1666 1023 1710; x_wconf 94' lang='lat' dir='ltr'><em>ut</em></span> <span class='ocrx_word' id='word_1_188' title='bbox 1061 1663 1265 1718; x_wconf 79' lang='lat' dir='ltr'><em>videtur,</em></span> <span class='ocrx_word' id='word_1_189' title='bbox 1296 1664 1381 1711; x_wconf 90' lang='lat' dir='ltr'><em>ubi</em></span> <span class='ocrx_word' id='word_1_190' title='bbox 1411 1664 1632 1711; x_wconf 84' lang='lat' dir='ltr'><em>similiter</em></span> <span class='ocrx_word' id='word_1_191' title='bbox 1662 1665 1752 1711; x_wconf 89' lang='lat' dir='ltr'><em>sub</em></span> <span class='ocrx_word' id='word_1_192' title='bbox 1794 1666 1942 1722; x_wconf 69' lang='lat' dir='ltr'><em>finem</em></span> <span class='ocrx_word' id='word_1_193' title='bbox 1974 1663 2039 1710; x_wconf 90' lang='lat' dir='ltr'><em>ad</em></span> <span class='ocrx_word' id='word_1_194' title='bbox 2082 1664 2379 1710; x_wconf 88' lang='lat' dir='ltr'><em>contrariam</em></span> 
     </span>
     <span class='ocr_line' id='line_1_20' title="bbox 197 1745 1917 1805; baseline -0.002 -10"><span class='ocrx_word' id='word_1_195' title='bbox 197 1746 425 1795; x_wconf 83' lang='lat' dir='ltr'><em>Caesaris</em></span> <span class='ocrx_word' id='word_1_196' title='bbox 456 1747 510 1793; x_wconf 91' lang='lat' dir='ltr'><em>in</em></span> <span class='ocrx_word' id='word_1_197' title='bbox 541 1745 662 1792; x_wconf 87' lang='lat' dir='ltr'><em>libro</em></span> <span class='ocrx_word' id='word_1_198' title='bbox 695 1745 752 1792; x_wconf 89' lang='lat' dir='ltr'><em>de</em></span> <span class='ocrx_word' id='word_1_199' title='bbox 784 1745 1014 1805; x_wconf 61' lang='lat' dir='ltr'><em>analogia</em></span> <span class='ocrx_word' id='word_1_200' title='bbox 1045 1745 1119 1791; x_wconf 93' lang='lat' dir='ltr'><em>II</em></span> <span class='ocrx_word' id='word_1_201' title='bbox 1142 1746 1425 1792; x_wconf 85' lang='lat' dir='ltr'><em>sententiam</em></span> <span class='ocrx_word' id='word_1_202' title='bbox 1448 1748 1683 1804; x_wconf 79' lang='lat' dir='ltr'><em>provocat</em></span> <span class='ocrx_word' id='word_1_203' title='bbox 1716 1745 1917 1793; x_wconf 80' lang='lat' dir='ltr'><em>Gellius.</em></span> 
     </span>
    </p>

    <p class='ocr_par' dir='ltr' id='par_1_6' title="bbox 187 1833 2380 2060">
     <span class='ocr_line' id='line_1_21' title="bbox 347 1833 2380 1895; baseline -0.001 -12"><span class='ocrx_word' id='word_1_204' title='bbox 347 1835 467 1895; x_wconf 83' lang='lat'><em>195,</em></span> <span class='ocrx_word' id='word_1_205' title='bbox 493 1835 539 1881; x_wconf 83' lang='lat'><em>4.</em></span> <span class='ocrx_word' id='word_1_206' title='bbox 595 1834 797 1882; x_wconf 74' lang='lat' dir='ltr'><em>inerteis</em></span> <span class='ocrx_word' id='word_1_207' title='bbox 829 1834 1003 1890; x_wconf 88' lang='lat' dir='ltr'><em>Keilii,</em></span> <span class='ocrx_word' id='word_1_208' title='bbox 1053 1836 1135 1894; x_wconf 87' lang='lat' dir='ltr'><em>qui</em></span> <span class='ocrx_word' id='word_1_209' title='bbox 1183 1836 1366 1894; x_wconf 82' lang='lat' dir='ltr'><em>confert</em></span> <span class='ocrx_word' id='word_1_210' title='bbox 1399 1833 1507 1881; x_wconf 76' lang='lat' dir='ltr'><em>GL.</em></span> <span class='ocrx_word' id='word_1_211' title='bbox 1541 1834 1613 1880; x_wconf 91' lang='lat' dir='ltr'><em>II</em></span> <span class='ocrx_word' id='word_1_212' title='bbox 1639 1835 1762 1890; x_wconf 98' lang='lat'><em>360,</em></span> <span class='ocrx_word' id='word_1_213' title='bbox 1789 1835 1838 1890; x_wconf 85' lang='grc'><em>8,</em></span> <span class='ocrx_word' id='word_1_214' title='bbox 1880 1837 1922 1880; x_wconf 91' lang='lat' dir='ltr'><em>et</em></span> <span class='ocrx_word' id='word_1_215' title='bbox 1962 1834 2289 1883; x_wconf 90' lang='lat' dir='ltr'><em>Wilmannsio</em></span> <span class='ocrx_word' id='word_1_216' title='bbox 2338 1837 2380 1880; x_wconf 91' lang='lat' dir='ltr'><em>et</em></span> 
     </span>
     <span class='ocr_line' id='line_1_22' title="bbox 187 1911 2375 1977; baseline -0 -14"><span class='ocrx_word' id='word_1_217' title='bbox 187 1916 453 1965; x_wconf 86' lang='lat' dir='ltr'><em>Funaiolio</em></span> <span class='ocrx_word' id='word_1_218' title='bbox 475 1917 723 1977; x_wconf 72' lang='lat' dir='ltr'><em>placuisse</em></span> <span class='ocrx_word' id='word_1_219' title='bbox 745 1917 1012 1963; x_wconf 89' lang='lat' dir='ltr'><em>miramur:</em></span> <span class='ocrx_word' id='word_1_220' title='bbox 1042 1931 1161 1963; x_wconf 90' lang='lat' dir='ltr'><em>nam</em></span> <span class='ocrx_word' id='word_1_221' title='bbox 1186 1915 1474 1964; x_wconf 82' lang='lat' dir='ltr'><em>adiectivum</em></span> <span class='ocrx_word' id='word_1_222' title='bbox 1497 1917 1622 1963; x_wconf 89' lang='lat' dir='ltr'><em>inter</em></span> <span class='ocrx_word' id='word_1_223' title='bbox 1644 1917 1947 1963; x_wconf 76' lang='lat' dir='ltr'><em>substantiva</em></span> <span class='ocrx_word' id='word_1_224' title='bbox 1971 1916 2070 1963; x_wconf 93' lang='lat' dir='ltr'><em>loco</em></span> <span class='ocrx_word' id='word_1_225' title='bbox 2105 1911 2375 1975; x_wconf 73' lang='lat' dir='ltr'><em>‘parallelo&#39;</em></span> 
     </span>
     <span class='ocr_line' id='line_1_23' title="bbox 189 1998 1234 2060; baseline -0.004 -13"><span class='ocrx_word' id='word_1_226' title='bbox 189 1999 388 2048; x_wconf 87' lang='lat' dir='ltr'><em>minime</em></span> <span class='ocrx_word' id='word_1_227' title='bbox 418 1999 629 2060; x_wconf 82' lang='lat' dir='ltr'><em>offendit,</em></span> <span class='ocrx_word' id='word_1_228' title='bbox 661 1998 747 2045; x_wconf 75' lang='lat' dir='ltr'><em>hoc</em></span> <span class='ocrx_word' id='word_1_229' title='bbox 779 1998 876 2044; x_wconf 92' lang='lat' dir='ltr'><em>loco</em></span> <span class='ocrx_word' id='word_1_230' title='bbox 907 1999 1030 2058; x_wconf 81' lang='lat' dir='ltr'><em>ferri</em></span> <span class='ocrx_word' id='word_1_231' title='bbox 1059 1998 1234 2058; x_wconf 85' lang='lat' dir='ltr'><em>nequit.</em></span> 
     </span>
    </p>

    <p class='ocr_par' dir='ltr' id='par_1_7' title="bbox 342 2085 1499 2149">
     <span class='ocr_line' id='line_1_24' title="bbox 342 2085 1499 2149; baseline -0.002 -14"><span class='ocrx_word' id='word_1_232' title='bbox 342 2088 462 2149; x_wconf 89' lang='grc'><strong>196,</strong></span> <span class='ocrx_word' id='word_1_233' title='bbox 490 2089 519 2135; x_wconf 84' lang='grc'>2</span> <span class='ocrx_word' id='word_1_234' title='bbox 539 2101 635 2148; x_wconf 89' lang='lat' dir='ltr'><em>sqq.</em></span> <span class='ocrx_word' id='word_1_235' title='bbox 681 2085 755 2145; x_wconf 78' lang='lat' dir='ltr'><em>Cf.</em></span> <span class='ocrx_word' id='word_1_236' title='bbox 780 2086 1101 2135; x_wconf 67' lang='lat' dir='ltr'><em>Reitzenstein</em></span> <span class='ocrx_word' id='word_1_237' title='bbox 1123 2102 1177 2146; x_wconf 90' lang='lat' dir='ltr'><em>p.</em></span> <span class='ocrx_word' id='word_1_238' title='bbox 1208 2086 1278 2134; x_wconf 75' lang='lat'><em>52</em></span> <span class='ocrx_word' id='word_1_239' title='bbox 1310 2087 1424 2134; x_wconf 88' lang='lat' dir='ltr'><em>adn.</em></span> <span class='ocrx_word' id='word_1_240' title='bbox 1454 2090 1499 2133; x_wconf 83' lang='lat'><em>1.</em></span> 
     </span>
    </p>

    <p class='ocr_par' dir='ltr' id='par_1_8' title="bbox 187 2164 2379 2556">
     <span class='ocr_line' id='line_1_25' title="bbox 342 2164 2379 2230; baseline -0.002 -13"><span class='ocrx_word' id='word_1_241' title='bbox 342 2170 463 2230; x_wconf 86' lang='lat'><em>197,</em></span> <span class='ocrx_word' id='word_1_242' title='bbox 491 2169 556 2217; x_wconf 86' lang='lat'><em>18</em></span> <span class='ocrx_word' id='word_1_243' title='bbox 575 2183 641 2230; x_wconf 90' lang='lat' dir='ltr'><em>sq.</em></span> <span class='ocrx_word' id='word_1_244' title='bbox 701 2167 774 2229; x_wconf 79' lang='lat' dir='ltr'><em>Cf.</em></span> <span class='ocrx_word' id='word_1_245' title='bbox 800 2168 1072 2216; x_wconf 82' lang='lat' dir='ltr'><em>Sabbadini</em></span> <span class='ocrx_word' id='word_1_246' title='bbox 1105 2165 1259 2216; x_wconf 70' lang='lat' dir='ltr'><em>‘Berl</em></span> <span class='ocrx_word' id='word_1_247' title='bbox 1290 2169 1411 2229; x_wconf 75' lang='lat' dir='ltr'><em>phil.</em></span> <span class='ocrx_word' id='word_1_248' title='bbox 1449 2164 1654 2217; x_wconf 60' lang='lat' dir='ltr'><em>Wsclir?</em></span> <span class='ocrx_word' id='word_1_249' title='bbox 1692 2167 1836 2215; x_wconf 91' lang='lat' dir='ltr'><em>XXI</em></span> <span class='ocrx_word' id='word_1_250' title='bbox 1860 2183 1903 2216; x_wconf 93' lang='lat' dir='ltr'><em>a.</em></span> <span class='ocrx_word' id='word_1_251' title='bbox 1941 2169 2083 2215; x_wconf 81' lang='lat'><em>1906</em></span> <span class='ocrx_word' id='word_1_252' title='bbox 2106 2182 2160 2227; x_wconf 89' lang='lat' dir='ltr'><em>p.</em></span> <span class='ocrx_word' id='word_1_253' title='bbox 2199 2169 2304 2214; x_wconf 81' lang='lat'><em>607</em></span> <span class='ocrx_word' id='word_1_254' title='bbox 2337 2169 2379 2213; x_wconf 87' lang='lat' dir='ltr'><em>et</em></span> 
     </span>
     <span class='ocr_line' id='line_1_26' title="bbox 191 2250 2377 2311; baseline -0.001 -13"><span class='ocrx_word' id='word_1_255' title='bbox 191 2252 311 2298; x_wconf 81' lang='lat' dir='ltr'><em>Ihm</em></span> <span class='ocrx_word' id='word_1_256' title='bbox 342 2251 477 2298; x_wconf 71' lang='lat' dir='ltr'><em>Mus</em></span> <span class='ocrx_word' id='word_1_257' title='bbox 506 2251 660 2298; x_wconf 78' lang='lat' dir='ltr'><em>Rhen.</em></span> <span class='ocrx_word' id='word_1_258' title='bbox 691 2250 867 2298; x_wconf 89' lang='lat' dir='ltr'><strong><em>LXII</em></strong></span> <span class='ocrx_word' id='word_1_259' title='bbox 893 2265 937 2298; x_wconf 94' lang='lat' dir='ltr'><em>a.</em></span> <span class='ocrx_word' id='word_1_260' title='bbox 974 2252 1119 2298; x_wconf 84' lang='lat'><em>1907</em></span> <span class='ocrx_word' id='word_1_261' title='bbox 1139 2266 1195 2310; x_wconf 88' lang='lat' dir='ltr'><em>p.</em></span> <span class='ocrx_word' id='word_1_262' title='bbox 1232 2250 1339 2298; x_wconf 86' lang='lat'><em>156</em></span> <span class='ocrx_word' id='word_1_263' title='bbox 1354 2265 1421 2311; x_wconf 87' lang='lat' dir='ltr'><em>sq.</em></span> <span class='ocrx_word' id='word_1_264' title='bbox 1472 2250 1640 2310; x_wconf 86' lang='lat' dir='ltr'><em>Neque</em></span> <span class='ocrx_word' id='word_1_265' title='bbox 1673 2253 1833 2298; x_wconf 87' lang='lat' dir='ltr'><em>tamen</em></span> <span class='ocrx_word' id='word_1_266' title='bbox 1863 2252 1986 2296; x_wconf 91' lang='lat' dir='ltr'><em>recte</em></span> <span class='ocrx_word' id='word_1_267' title='bbox 2015 2250 2059 2296; x_wconf 88' lang='lat' dir='ltr'><em>is</em></span> <span class='ocrx_word' id='word_1_268' title='bbox 2090 2250 2169 2296; x_wconf 90' lang='lat' dir='ltr'><em>cui</em></span> <span class='ocrx_word' id='word_1_269' title='bbox 2197 2262 2377 2295; x_wconf 82' lang='lat' dir='ltr'><em>novum</em></span> 
     </span>
     <span class='ocr_line' id='line_1_27' title="bbox 187 2331 2376 2394; baseline -0.002 -13"><span class='ocrx_word' id='word_1_270' title='bbox 187 2335 516 2394; x_wconf 72' lang='lat' dir='ltr'><em>fraqmentusm</em></span> <span class='ocrx_word' id='word_1_271' title='bbox 548 2332 772 2381; x_wconf 89' lang='lat' dir='ltr'><em>debemus</em></span> <span class='ocrx_word' id='word_1_272' title='bbox 804 2333 1043 2380; x_wconf 91' lang='lat' dir='ltr'><em>contendit</em></span> <span class='ocrx_word' id='word_1_273' title='bbox 1062 2335 1263 2392; x_wconf 87' lang='lat' dir='ltr'><em>propter</em></span> <span class='ocrx_word' id='word_1_274' title='bbox 1290 2332 1534 2380; x_wconf 84' lang='lat' dir='ltr'><em>Ciceronis</em></span> <span class='ocrx_word' id='word_1_275' title='bbox 1564 2346 1737 2380; x_wconf 83' lang='lat' dir='ltr'><em>nomen</em></span> <span class='ocrx_word' id='word_1_276' title='bbox 1769 2332 1924 2379; x_wconf 91' lang='lat' dir='ltr'><em>locum</em></span> <span class='ocrx_word' id='word_1_277' title='bbox 1950 2346 2005 2378; x_wconf 84' lang='lat' dir='ltr'><em>ex</em></span> <span class='ocrx_word' id='word_1_278' title='bbox 2026 2331 2376 2390; x_wconf 85' lang='lat' dir='ltr'><em>posterioribus</em></span> 
     </span>
     <span class='ocr_line' id='line_1_28' title="bbox 191 2412 2376 2475; baseline -0.001 -13"><span class='ocrx_word' id='word_1_279' title='bbox 191 2415 330 2463; x_wconf 83' lang='lat' dir='ltr'><em>libris</em></span> <span class='ocrx_word' id='word_1_280' title='bbox 355 2414 471 2475; x_wconf 91' lang='lat' dir='ltr'><em>(XI</em></span> <span class='ocrx_word' id='word_1_281' title='bbox 471 2414 648 2461; x_wconf 90' lang='lat' dir='ltr'><em>—XX</em></span> <span class='ocrx_word' id='word_1_282' title='bbox 657 2413 719 2475; x_wconf 84' lang='lat' dir='ltr'><em>V)</em></span> <span class='ocrx_word' id='word_1_283' title='bbox 744 2414 1049 2474; x_wconf 89' lang='lat' dir='ltr'><em>desumptum</em></span> <span class='ocrx_word' id='word_1_284' title='bbox 1074 2428 1197 2461; x_wconf 83' lang='lat' dir='ltr'><em>esse:</em></span> <span class='ocrx_word' id='word_1_285' title='bbox 1226 2415 1310 2461; x_wconf 85' lang='lat' dir='ltr'><em>ubi</em></span> <span class='ocrx_word' id='word_1_286' title='bbox 1333 2413 1539 2473; x_wconf 61' lang='lat' dir='ltr'><em>neclexit</em></span> <span class='ocrx_word' id='word_1_287' title='bbox 1560 2414 1613 2460; x_wconf 90' lang='lat' dir='ltr'><em>in</em></span> <span class='ocrx_word' id='word_1_288' title='bbox 1636 2412 1828 2460; x_wconf 75' lang='lat' dir='ltr'><em>scholiis</em></span> <span class='ocrx_word' id='word_1_289' title='bbox 1862 2412 2154 2473; x_wconf 74' lang='lat' dir='ltr'><em>Verqilianis</em></span> <span class='ocrx_word' id='word_1_290' title='bbox 2177 2413 2376 2472; x_wconf 82' lang='lat' dir='ltr'><em>saepius</em></span> 
     </span>
     <span class='ocr_line' id='line_1_29' title="bbox 190 2492 2233 2556; baseline -0.001 -13"><span class='ocrx_word' id='word_1_291' title='bbox 190 2496 253 2543; x_wconf 85' lang='lat' dir='ltr'><em>ad</em></span> <span class='ocrx_word' id='word_1_292' title='bbox 288 2494 571 2544; x_wconf 82' lang='lat' dir='ltr'><em>Ciceronem</em></span> <span class='ocrx_word' id='word_1_293' title='bbox 605 2495 726 2544; x_wconf 90' lang='lat' dir='ltr'><em>addi</em></span> <span class='ocrx_word' id='word_1_294' title='bbox 757 2497 895 2544; x_wconf 88' lang='lat' dir='ltr'><em>libris</em></span> <span class='ocrx_word' id='word_1_295' title='bbox 926 2497 992 2544; x_wconf 91' lang='lat' dir='ltr'><em>ad</em></span> <span class='ocrx_word' id='word_1_296' title='bbox 1022 2496 1077 2543; x_wconf 90' lang='lat' dir='ltr'><em>P.</em></span> <span class='ocrx_word' id='word_1_297' title='bbox 1102 2495 1404 2556; x_wconf 84' lang='lat' dir='ltr'><em>Septumium</em></span> <span class='ocrx_word' id='word_1_298' title='bbox 1435 2495 1565 2543; x_wconf 87' lang='lat' dir='ltr'><em>datis</em></span> <span class='ocrx_word' id='word_1_299' title='bbox 1597 2493 1661 2555; x_wconf 80' lang='lat' dir='ltr'><em>(v.</em></span> <span class='ocrx_word' id='word_1_300' title='bbox 1694 2495 1871 2554; x_wconf 75' lang='lat' dir='ltr'><em>fraqm.</em></span> <span class='ocrx_word' id='word_1_301' title='bbox 1908 2494 1937 2542; x_wconf 91' lang='lat' dir='ltr'><em>l.</em></span> <span class='ocrx_word' id='word_1_302' title='bbox 1972 2494 2044 2540; x_wconf 92' lang='lat' dir='ltr'><em>II</em></span> <span class='ocrx_word' id='word_1_303' title='bbox 2044 2494 2150 2539; x_wconf 85' lang='lat' dir='ltr'><em>-I</em></span> <span class='ocrx_word' id='word_1_304' title='bbox 2156 2492 2233 2553; x_wconf 86' lang='lat' dir='ltr'><em>V).</em></span> 
     </span>
    </p>

    <p class='ocr_par' dir='ltr' id='par_1_9' title="bbox 181 2581 2376 2810">
     <span class='ocr_line' id='line_1_30' title="bbox 341 2581 2376 2646; baseline -0.001 -14"><span class='ocrx_word' id='word_1_305' title='bbox 341 2586 462 2646; x_wconf 88' lang='grc'><strong>197,</strong></span> <span class='ocrx_word' id='word_1_306' title='bbox 490 2586 574 2632; x_wconf 83' lang='grc'><strong>21.</strong></span> <span class='ocrx_word' id='word_1_307' title='bbox 630 2584 702 2645; x_wconf 82' lang='lat' dir='ltr'><em>Cf.</em></span> <span class='ocrx_word' id='word_1_308' title='bbox 730 2586 930 2633; x_wconf 85' lang='lat' dir='ltr'><em>Brandt</em></span> <span class='ocrx_word' id='word_1_309' title='bbox 961 2581 1144 2634; x_wconf 68' lang='lat' dir='ltr'><em>‘Wien</em></span> <span class='ocrx_word' id='word_1_310' title='bbox 1176 2581 1333 2633; x_wconf 62' lang='lat' dir='ltr'><em>Stud?</em></span> <span class='ocrx_word' id='word_1_311' title='bbox 1370 2585 1527 2632; x_wconf 89' lang='lat' dir='ltr'><strong><em>XIII</em></strong></span> <span class='ocrx_word' id='word_1_312' title='bbox 1553 2599 1607 2644; x_wconf 87' lang='lat' dir='ltr'><em>p.</em></span> <span class='ocrx_word' id='word_1_313' title='bbox 1641 2585 1764 2631; x_wconf 77' lang='lat'><em>260.</em></span> <span class='ocrx_word' id='word_1_314' title='bbox 1815 2584 1894 2631; x_wconf 89' lang='lat' dir='ltr'><em>De</em></span> <span class='ocrx_word' id='word_1_315' title='bbox 1934 2584 2206 2643; x_wconf 75' lang='lat' dir='ltr'><em>fraqmento</em></span> <span class='ocrx_word' id='word_1_316' title='bbox 2249 2582 2376 2643; x_wconf 88' lang='lat' dir='ltr'><em>quod</em></span> 
     </span>
     <span class='ocr_line' id='line_1_31' title="bbox 181 2662 2374 2728; baseline -0.001 -14"><span class='ocrx_word' id='word_1_317' title='bbox 181 2667 433 2727; x_wconf 88' lang='lat' dir='ltr'><em>praecedit</em></span> <span class='ocrx_word' id='word_1_318' title='bbox 478 2668 611 2727; x_wconf 90' lang='lat' dir='ltr'><em>apud</em></span> <span class='ocrx_word' id='word_1_319' title='bbox 642 2667 964 2715; x_wconf 87' lang='lat' dir='ltr'><em>Funaiolium</em></span> <span class='ocrx_word' id='word_1_320' title='bbox 1011 2666 1173 2728; x_wconf 87' lang='lat' dir='ltr'><em>(quem</em></span> <span class='ocrx_word' id='word_1_321' title='bbox 1219 2667 1462 2726; x_wconf 82' lang='lat' dir='ltr'><em>conferas,</em></span> <span class='ocrx_word' id='word_1_322' title='bbox 1513 2666 1597 2712; x_wconf 87' lang='lat' dir='ltr'><em>etsi</em></span> <span class='ocrx_word' id='word_1_323' title='bbox 1636 2665 1833 2712; x_wconf 87' lang='lat' dir='ltr'><em>minime</em></span> <span class='ocrx_word' id='word_1_324' title='bbox 1870 2679 1973 2712; x_wconf 92' lang='lat' dir='ltr'><em>rem</em></span> <span class='ocrx_word' id='word_1_325' title='bbox 2012 2662 2239 2724; x_wconf 84' lang='lat' dir='ltr'><em>absolvit)</em></span> <span class='ocrx_word' id='word_1_326' title='bbox 2270 2665 2302 2710; x_wconf 89' lang='lat' dir='ltr'><em>i.</em></span> <span class='ocrx_word' id='word_1_327' title='bbox 2337 2678 2374 2711; x_wconf 84' lang='lat' dir='ltr'><em>e.</em></span> 
     </span>
     <span class='ocr_line' id='line_1_32' title="bbox 190 2746 1650 2810; baseline -0.002 -14"><span class='ocrx_word' id='word_1_328' title='bbox 190 2748 560 2810; x_wconf 74' lang='lat' dir='ltr'><em>quadrayesimo</em></span> <span class='ocrx_word' id='word_1_329' title='bbox 591 2750 727 2808; x_wconf 89' lang='lat' dir='ltr'><em>apud</em></span> <span class='ocrx_word' id='word_1_330' title='bbox 761 2749 1160 2805; x_wconf 83' lang='lat' dir='ltr'><em>Wilmannsium,</em></span> <span class='ocrx_word' id='word_1_331' title='bbox 1191 2750 1252 2808; x_wconf 81' lang='lat' dir='ltr'><em>cf.</em></span> <span class='ocrx_word' id='word_1_332' title='bbox 1287 2749 1369 2796; x_wconf 88' lang='lat' dir='ltr'><em>VI</em></span> <span class='ocrx_word' id='word_1_333' title='bbox 1397 2749 1466 2795; x_wconf 89' lang='grc'><em>68</em></span> <span class='ocrx_word' id='word_1_334' title='bbox 1490 2747 1611 2807; x_wconf 89' lang='lat' dir='ltr'><em>(test.</em></span> <span class='ocrx_word' id='word_1_335' title='bbox 1609 2746 1650 2806; x_wconf 90' lang='lat'><em>).</em></span> 
     </span>
    </p>

    <p class='ocr_par' dir='ltr' id='par_1_10' title="bbox 190 2834 2376 3144">
     <span class='ocr_line' id='line_1_33' title="bbox 340 2834 2376 2898; baseline -0.002 -13"><span class='ocrx_word' id='word_1_336' title='bbox 340 2837 461 2898; x_wconf 87' lang='lat'><em>198,</em></span> <span class='ocrx_word' id='word_1_337' title='bbox 490 2838 646 2886; x_wconf 79' lang='lat'><em>1—-5,</em></span> <span class='ocrx_word' id='word_1_338' title='bbox 697 2838 813 2886; x_wconf 78' lang='lat' dir='ltr'><em>haec</em></span> <span class='ocrx_word' id='word_1_339' title='bbox 853 2839 1130 2898; x_wconf 63' lang='lat' dir='ltr'><em>fracmenta</em></span> <span class='ocrx_word' id='word_1_340' title='bbox 1161 2853 1194 2886; x_wconf 92' lang='lat' dir='ltr'><em>a</em></span> <span class='ocrx_word' id='word_1_341' title='bbox 1228 2838 1552 2887; x_wconf 81' lang='lat' dir='ltr'><em>Wilmannsio</em></span> <span class='ocrx_word' id='word_1_342' title='bbox 1596 2836 1799 2895; x_wconf 72' lang='lat' dir='ltr'><em>neqlecto</em></span> <span class='ocrx_word' id='word_1_343' title='bbox 1843 2836 1977 2882; x_wconf 90' lang='lat' dir='ltr'><em>tertio</em></span> <span class='ocrx_word' id='word_1_344' title='bbox 2010 2834 2150 2882; x_wconf 88' lang='lat' dir='ltr'><em>libris</em></span> <span class='ocrx_word' id='word_1_345' title='bbox 2183 2834 2307 2881; x_wconf 91' lang='lat' dir='ltr'><em>XII</em></span> <span class='ocrx_word' id='word_1_346' title='bbox 2332 2837 2376 2882; x_wconf 91' lang='lat' dir='ltr'><em>et</em></span> 
     </span>
     <span class='ocr_line' id='line_1_34' title="bbox 190 2915 2371 2980; baseline -0.001 -14"><span class='ocrx_word' id='word_1_347' title='bbox 190 2919 348 2967; x_wconf 94' lang='lat' dir='ltr'><strong><em>XIII</em></strong></span> <span class='ocrx_word' id='word_1_348' title='bbox 371 2921 619 2980; x_wconf 89' lang='lat' dir='ltr'><em>adscripta</em></span> <span class='ocrx_word' id='word_1_349' title='bbox 653 2920 739 2968; x_wconf 76' lang='lat' dir='ltr'><em>hoc</em></span> <span class='ocrx_word' id='word_1_350' title='bbox 768 2920 938 2968; x_wconf 91' lang='lat' dir='ltr'><em>saltem</em></span> <span class='ocrx_word' id='word_1_351' title='bbox 969 2921 1068 2967; x_wconf 91' lang='lat' dir='ltr'><em>loco</em></span> <span class='ocrx_word' id='word_1_352' title='bbox 1101 2919 1396 2974; x_wconf 77' lang='lat' dir='ltr'><em>addidimuS,</em></span> <span class='ocrx_word' id='word_1_353' title='bbox 1429 2933 1537 2965; x_wconf 85' lang='lat' dir='ltr'><em>cum</em></span> <span class='ocrx_word' id='word_1_354' title='bbox 1569 2918 1626 2965; x_wconf 90' lang='lat' dir='ltr'><em>de</em></span> <span class='ocrx_word' id='word_1_355' title='bbox 1657 2919 1731 2964; x_wconf 82' lang='lat' dir='ltr'><em>his</em></span> <span class='ocrx_word' id='word_1_356' title='bbox 1762 2917 1905 2964; x_wconf 90' lang='lat' dir='ltr'><em>rebus</em></span> <span class='ocrx_word' id='word_1_357' title='bbox 1935 2917 1989 2963; x_wconf 90' lang='lat' dir='ltr'><em>in</em></span> <span class='ocrx_word' id='word_1_358' title='bbox 2020 2916 2158 2964; x_wconf 90' lang='lat' dir='ltr'><em>libris</em></span> <span class='ocrx_word' id='word_1_359' title='bbox 2190 2916 2249 2963; x_wconf 91' lang='lat' dir='ltr'><em>de</em></span> <span class='ocrx_word' id='word_1_360' title='bbox 2279 2915 2307 2963; x_wconf 91' lang='lat' dir='ltr'><em>l.</em></span> <span class='ocrx_word' id='word_1_361' title='bbox 2343 2916 2371 2965; x_wconf 92' lang='lat' dir='ltr'><em>l.</em></span> 
     </span>
     <span class='ocr_line' id='line_1_35' title="bbox 200 2999 2374 3059; baseline -0.003 -9"><span class='ocrx_word' id='word_1_362' title='bbox 200 3002 468 3050; x_wconf 88' lang='lat' dir='ltr'><em>Varronem</em></span> <span class='ocrx_word' id='word_1_363' title='bbox 498 3002 678 3050; x_wconf 79' lang='lat' dir='ltr'><em>dixisse</em></span> <span class='ocrx_word' id='word_1_364' title='bbox 709 3005 889 3051; x_wconf 91' lang='lat' dir='ltr'><em>certum</em></span> <span class='ocrx_word' id='word_1_365' title='bbox 919 3004 995 3059; x_wconf 88' lang='lat' dir='ltr'><em>sit,</em></span> <span class='ocrx_word' id='word_1_366' title='bbox 1039 3003 1126 3050; x_wconf 91' lang='lat' dir='ltr'><em>etsi</em></span> <span class='ocrx_word' id='word_1_367' title='bbox 1167 3003 1402 3049; x_wconf 90' lang='lat' dir='ltr'><em>incertum</em></span> <span class='ocrx_word' id='word_1_368' title='bbox 1435 3004 1514 3056; x_wconf 87' lang='lat' dir='ltr'><em>est,</em></span> <span class='ocrx_word' id='word_1_369' title='bbox 1557 3015 1677 3047; x_wconf 87' lang='lat' dir='ltr'><em>num</em></span> <span class='ocrx_word' id='word_1_370' title='bbox 1707 3000 1824 3047; x_wconf 80' lang='lat' dir='ltr'><em>haec</em></span> <span class='ocrx_word' id='word_1_371' title='bbox 1853 2999 2063 3046; x_wconf 89' lang='lat' dir='ltr'><em>maxime</em></span> <span class='ocrx_word' id='word_1_372' title='bbox 2102 2999 2374 3045; x_wconf 88' lang='lat' dir='ltr'><em>testimonia</em></span> 
     </span>
     <span class='ocr_line' id='line_1_36' title="bbox 190 3084 725 3144; baseline 0.004 -15"><span class='ocrx_word' id='word_1_373' title='bbox 190 3084 304 3131; x_wconf 89' lang='lat' dir='ltr'><em>inde</em></span> <span class='ocrx_word' id='word_1_374' title='bbox 335 3084 585 3144; x_wconf 86' lang='lat' dir='ltr'><em>desumpta</em></span> <span class='ocrx_word' id='word_1_375' title='bbox 616 3085 725 3131; x_wconf 89' lang='lat' dir='ltr'><em>sint.</em></span> 
     </span>
    </p>

    <p class='ocr_par' dir='ltr' id='par_1_11' title="bbox 178 3172 2373 3477">
     <span class='ocr_line' id='line_1_37' title="bbox 342 3172 2373 3236; baseline -0.002 -17"><span class='ocrx_word' id='word_1_376' title='bbox 342 3173 463 3233; x_wconf 88' lang='lat'><em>198,</em></span> <span class='ocrx_word' id='word_1_377' title='bbox 491 3173 685 3221; x_wconf 81' lang='lat'><em>6—-12,</em></span> <span class='ocrx_word' id='word_1_378' title='bbox 725 3173 779 3220; x_wconf 81' lang='lat' dir='ltr'><em>in</em></span> <span class='ocrx_word' id='word_1_379' title='bbox 810 3174 1075 3221; x_wconf 87' lang='lat' dir='ltr'><em>testimonio</em></span> <span class='ocrx_word' id='word_1_380' title='bbox 1100 3174 1158 3221; x_wconf 91' lang='lat' dir='ltr'><em>de</em></span> <span class='ocrx_word' id='word_1_381' title='bbox 1189 3186 1369 3236; x_wconf 83' lang='lat' dir='ltr'><em>puerus</em></span> <span class='ocrx_word' id='word_1_382' title='bbox 1401 3188 1524 3235; x_wconf 84' lang='lat' dir='ltr'><em>puer</em></span> <span class='ocrx_word' id='word_1_383' title='bbox 1546 3172 1744 3233; x_wconf 83' lang='lat' dir='ltr'><em>puellus</em></span> <span class='ocrx_word' id='word_1_384' title='bbox 1777 3185 1900 3231; x_wconf 86' lang='lat' dir='ltr'><em>quae</em></span> <span class='ocrx_word' id='word_1_385' title='bbox 1930 3172 2198 3230; x_wconf 89' lang='lat' dir='ltr'><em>sequuntur</em></span> <span class='ocrx_word' id='word_1_386' title='bbox 2223 3182 2373 3216; x_wconf 86' lang='lat' dir='ltr'><em>exem-</em></span> 
     </span>
     <span class='ocr_line' id='line_1_38' title="bbox 180 3250 2372 3314; baseline -0.002 -14"><span class='ocrx_word' id='word_1_387' title='bbox 180 3253 274 3314; x_wconf 89' lang='lat' dir='ltr'><em>pla</em></span> <span class='ocrx_word' id='word_1_388' title='bbox 297 3253 498 3309; x_wconf 88' lang='lat' dir='ltr'><em>Lucilii,</em></span> <span class='ocrx_word' id='word_1_389' title='bbox 536 3252 750 3311; x_wconf 91' lang='lat' dir='ltr'><em>Caecilii,</em></span> <span class='ocrx_word' id='word_1_390' title='bbox 774 3251 994 3314; x_wconf 83' lang='lat' dir='ltr'><em>Afranii,</em></span> <span class='ocrx_word' id='word_1_391' title='bbox 1017 3255 1202 3311; x_wconf 90' lang='lat' dir='ltr'><em>Plauti,</em></span> <span class='ocrx_word' id='word_1_392' title='bbox 1234 3256 1408 3303; x_wconf 91' lang='lat' dir='ltr'><em>iterum</em></span> <span class='ocrx_word' id='word_1_393' title='bbox 1431 3254 1581 3310; x_wconf 79' lang='lat' dir='ltr'><em>Livii,</em></span> <span class='ocrx_word' id='word_1_394' title='bbox 1605 3253 1785 3301; x_wconf 86' lang='lat' dir='ltr'><em>Naevii</em></span> <span class='ocrx_word' id='word_1_395' title='bbox 1807 3251 2103 3305; x_wconf 82' lang='lat' dir='ltr'><em>Suetonium,</em></span> <span class='ocrx_word' id='word_1_396' title='bbox 2137 3250 2201 3297; x_wconf 86' lang='lat' dir='ltr'><em>ad</em></span> <span class='ocrx_word' id='word_1_397' title='bbox 2233 3264 2372 3310; x_wconf 91' lang='lat' dir='ltr'><em>quem</em></span> 
     </span>
     <span class='ocr_line' id='line_1_39' title="bbox 178 3331 2372 3397; baseline -0.002 -15"><span class='ocrx_word' id='word_1_398' title='bbox 178 3336 415 3395; x_wconf 76' lang='lat' dir='ltr'><em>provocat</em></span> <span class='ocrx_word' id='word_1_399' title='bbox 451 3337 815 3395; x_wconf 75' lang='lat' dir='ltr'><em>yrammaticus,</em></span> <span class='ocrx_word' id='word_1_400' title='bbox 859 3337 1181 3397; x_wconf 87' lang='lat' dir='ltr'><em>desumpsisse</em></span> <span class='ocrx_word' id='word_1_401' title='bbox 1213 3351 1269 3384; x_wconf 88' lang='lat' dir='ltr'><em>ex</em></span> <span class='ocrx_word' id='word_1_402' title='bbox 1302 3337 1535 3392; x_wconf 86' lang='lat' dir='ltr'><em>Varrone,</em></span> <span class='ocrx_word' id='word_1_403' title='bbox 1577 3350 1676 3382; x_wconf 88' lang='lat' dir='ltr'><em>non</em></span> <span class='ocrx_word' id='word_1_404' title='bbox 1707 3334 2056 3394; x_wconf 76' lang='lat' dir='ltr'><em>improbabili3‚</em></span> <span class='ocrx_word' id='word_1_405' title='bbox 2098 3331 2183 3380; x_wconf 89' lang='lat' dir='ltr'><em>sed</em></span> <span class='ocrx_word' id='word_1_406' title='bbox 2223 3332 2372 3378; x_wconf 87' lang='lat' dir='ltr'><em>nimis</em></span> 
     </span>
     <span class='ocr_line' id='line_1_40' title="bbox 187 3412 2372 3477; baseline -0.002 -13"><span class='ocrx_word' id='word_1_407' title='bbox 187 3418 372 3465; x_wconf 90' lang='lat' dir='ltr'><em>incerta</em></span> <span class='ocrx_word' id='word_1_408' title='bbox 403 3420 468 3464; x_wconf 88' lang='lat' dir='ltr'><em>est</em></span> <span class='ocrx_word' id='word_1_409' title='bbox 502 3416 821 3466; x_wconf 81' lang='lat' dir='ltr'><em>Wilmannsii</em></span> <span class='ocrx_word' id='word_1_410' title='bbox 850 3419 1122 3467; x_wconf 82' lang='lat' dir='ltr'><em>coniectura</em></span> <span class='ocrx_word' id='word_1_411' title='bbox 1131 3436 1149 3477; x_wconf 89' lang='lat'><em>,·</em></span> <span class='ocrx_word' id='word_1_412' title='bbox 1178 3418 1236 3467; x_wconf 90' lang='lat' dir='ltr'><em>de</em></span> <span class='ocrx_word' id='word_1_413' title='bbox 1268 3419 1365 3466; x_wconf 89' lang='lat' dir='ltr'><em>loco</em></span> <span class='ocrx_word' id='word_1_414' title='bbox 1395 3420 1449 3466; x_wconf 91' lang='lat' dir='ltr'><em>in</em></span> <span class='ocrx_word' id='word_1_415' title='bbox 1471 3419 1696 3477; x_wconf 85' lang='lat' dir='ltr'><em>proximo</em></span> <span class='ocrx_word' id='word_1_416' title='bbox 1727 3418 1998 3477; x_wconf 77' lang='lat' dir='ltr'><em>fraqmento</em></span> <span class='ocrx_word' id='word_1_417' title='bbox 2023 3413 2288 3461; x_wconf 84' lang='lat' dir='ltr'><em>testimonio</em></span> <span class='ocrx_word' id='word_1_418' title='bbox 2314 3412 2372 3459; x_wconf 93' lang='lat' dir='ltr'><em>de</em></span> 
     </span>
    </p>

    <p class='ocr_par' dir='ltr' id='par_1_12' title="bbox 187 3493 2371 3804">
     <span class='ocr_line' id='line_1_41' title="bbox 201 3493 2371 3558; baseline -0.003 -12"><span class='ocrx_word' id='word_1_419' title='bbox 201 3498 420 3546; x_wconf 89' lang='lat' dir='ltr'><em>Varrone</em></span> <span class='ocrx_word' id='word_1_420' title='bbox 434 3500 724 3558; x_wconf 60' lang='lat' dir='ltr'><em>praemissa</em></span> <span class='ocrx_word' id='word_1_421' title='bbox 747 3499 831 3547; x_wconf 89' lang='lat' dir='ltr'><em>ubi</em></span> <span class='ocrx_word' id='word_1_422' title='bbox 845 3498 1012 3548; x_wconf 91' lang='lat' dir='ltr'><em>Plauti</em></span> <span class='ocrx_word' id='word_1_423' title='bbox 1033 3500 1173 3548; x_wconf 85' lang='lat' dir='ltr'><em>Truc.</em></span> <span class='ocrx_word' id='word_1_424' title='bbox 1199 3515 1241 3547; x_wconf 82' lang='lat' dir='ltr'><em>v.</em></span> <span class='ocrx_word' id='word_1_425' title='bbox 1260 3501 1369 3548; x_wconf 76' lang='lat'><em>323</em></span> <span class='ocrx_word' id='word_1_426' title='bbox 1394 3525 1463 3531; x_wconf 96' lang='lat'><strong>—</strong></span> <span class='ocrx_word' id='word_1_427' title='bbox 1491 3514 1522 3546; x_wconf 95' lang='lat' dir='ltr'><em>a</em></span> <span class='ocrx_word' id='word_1_428' title='bbox 1548 3498 1768 3547; x_wconf 89' lang='lat' dir='ltr'><em>Varrone</em></span> <span class='ocrx_word' id='word_1_429' title='bbox 1790 3497 1846 3544; x_wconf 89' lang='lat' dir='ltr'><em>ob</em></span> <span class='ocrx_word' id='word_1_430' title='bbox 1865 3498 2018 3544; x_wconf 86' lang='lat' dir='ltr'><em>aliam</em></span> <span class='ocrx_word' id='word_1_431' title='bbox 2040 3509 2142 3542; x_wconf 90' lang='lat' dir='ltr'><em>rem</em></span> <span class='ocrx_word' id='word_1_432' title='bbox 2158 3493 2247 3540; x_wconf 90' lang='lat' dir='ltr'><em>IX</em></span> <span class='ocrx_word' id='word_1_433' title='bbox 2263 3495 2371 3540; x_wconf 87' lang='lat'><em>106</em></span> 
     </span>
     <span class='ocr_line' id='line_1_42' title="bbox 189 3574 2370 3638; baseline -0.003 -11"><span class='ocrx_word' id='word_1_434' title='bbox 189 3579 370 3628; x_wconf 87' lang='lat' dir='ltr'><em>allatus</em></span> <span class='ocrx_word' id='word_1_435' title='bbox 397 3606 460 3612; x_wconf 93' lang='lat'>—</span> <span class='ocrx_word' id='word_1_436' title='bbox 490 3583 533 3628; x_wconf 92' lang='lat' dir='ltr'><em>et</em></span> <span class='ocrx_word' id='word_1_437' title='bbox 566 3578 806 3629; x_wconf 88' lang='lat' dir='ltr'><em>Caecilius</em></span> <span class='ocrx_word' id='word_1_438' title='bbox 838 3582 1120 3638; x_wconf 86' lang='lat' dir='ltr'><em>excitantur,</em></span> <span class='ocrx_word' id='word_1_439' title='bbox 1151 3581 1255 3629; x_wconf 87' lang='lat' dir='ltr'><em>ideo</em></span> <span class='ocrx_word' id='word_1_440' title='bbox 1288 3582 1464 3629; x_wconf 90' lang='lat' dir='ltr'><em>certius</em></span> <span class='ocrx_word' id='word_1_441' title='bbox 1494 3579 1836 3634; x_wconf 74' lang='lat' dir='ltr'><em>iudicabimuS,</em></span> <span class='ocrx_word' id='word_1_442' title='bbox 1867 3578 1984 3638; x_wconf 90' lang='lat' dir='ltr'><em>quia</em></span> <span class='ocrx_word' id='word_1_443' title='bbox 2015 3577 2073 3624; x_wconf 91' lang='lat' dir='ltr'><em>de</em></span> <span class='ocrx_word' id='word_1_444' title='bbox 2104 3574 2370 3623; x_wconf 87' lang='lat' dir='ltr'><em>testimonio</em></span> 
     </span>
     <span class='ocr_line' id='line_1_43' title="bbox 187 3652 2371 3728; baseline -0.002 -20"><span class='ocrx_word' id='word_1_445' title='bbox 187 3674 286 3708; x_wconf 82' lang='lat' dir='ltr'><em>uno</em></span> <span class='ocrx_word' id='word_1_446' title='bbox 318 3663 477 3710; x_wconf 86' lang='lat' dir='ltr'><em>tenore</em></span> <span class='ocrx_word' id='word_1_447' title='bbox 497 3661 691 3721; x_wconf 89' lang='lat' dir='ltr'><em>prolato</em></span> <span class='ocrx_word' id='word_1_448' title='bbox 716 3664 891 3722; x_wconf 77' lang='lat' dir='ltr'><em>aqitwr.</em></span> <span class='ocrx_word' id='word_1_449' title='bbox 931 3662 1178 3712; x_wconf 84' lang='lat' dir='ltr'><em>Extremis</em></span> <span class='ocrx_word' id='word_1_450' title='bbox 1208 3663 1367 3711; x_wconf 84' lang='lat' dir='ltr'><em>verbis</em></span> <span class='ocrx_word' id='word_1_451' title='bbox 1399 3654 1483 3728; x_wconf 85' lang='lat' dir='ltr'><em>(de</em></span> <span class='ocrx_word' id='word_1_452' title='bbox 1517 3660 1692 3709; x_wconf 73' lang='lat' dir='ltr'><em>ceteris</em></span> <span class='ocrx_word' id='word_1_453' title='bbox 1724 3673 1761 3708; x_wconf 89' lang='lat' dir='ltr'><em>e.</em></span> <span class='ocrx_word' id='word_1_454' title='bbox 1786 3674 1828 3720; x_wconf 85' lang='lat' dir='ltr'><em>q.</em></span> <span class='ocrx_word' id='word_1_455' title='bbox 1852 3652 1914 3725; x_wconf 81' lang='lat' dir='ltr'><em>s.)</em></span> <span class='ocrx_word' id='word_1_456' title='bbox 1948 3659 1992 3707; x_wconf 88' lang='lat' dir='ltr'><em>si</em></span> <span class='ocrx_word' id='word_1_457' title='bbox 2022 3660 2143 3706; x_wconf 91' lang='lat' dir='ltr'><em>recte</em></span> <span class='ocrx_word' id='word_1_458' title='bbox 2174 3657 2371 3705; x_wconf 86' lang='lat' dir='ltr'><em>coniecit</em></span> 
     </span>
     <span class='ocr_line' id='line_1_44' title="bbox 204 3740 2369 3804; baseline -0.003 -13"><span class='ocrx_word' id='word_1_459' title='bbox 204 3742 483 3792; x_wconf 80' lang='lat' dir='ltr'><em>Wilmanns</em></span> <span class='ocrx_word' id='word_1_460' title='bbox 513 3743 888 3793; x_wconf 77' lang='lat' dir='ltr'><em>observationem</em></span> <span class='ocrx_word' id='word_1_461' title='bbox 921 3743 1159 3796; x_wconf 88' lang='lat' dir='ltr'><em>Varronis</em></span> <span class='ocrx_word' id='word_1_462' title='bbox 1189 3745 1248 3792; x_wconf 91' lang='lat' dir='ltr'><em>de</em></span> <span class='ocrx_word' id='word_1_463' title='bbox 1274 3745 1489 3804; x_wconf 80' lang='lat' dir='ltr'><em>qenetivo</em></span> <span class='ocrx_word' id='word_1_464' title='bbox 1529 3742 1844 3790; x_wconf 88' lang='lat' dir='ltr'><em>librariorum</em></span> <span class='ocrx_word' id='word_1_465' title='bbox 1883 3740 2025 3801; x_wconf 56' lang='lat' dir='ltr'><em>cuspa</em></span> <span class='ocrx_word' id='word_1_466' title='bbox 2064 3740 2369 3787; x_wconf 89' lang='lat' dir='ltr'><em>obscuratam</em></span> 
     </span>
    </p>
   </div>
  </div>
 </body>
</html>
