2600 4198
285 161 394 213 236
723 158 1123 212 RELIQVORVM
1155 158 1236 202 DE
1269 157 1676 203 GRAMMATIGA
1706 159 2022 204 LIBRORVM

548 295 755 347 tamdiu
787 297 883 362 est,
915 294 1082 346 donec
1118 294 1462 363 perveniatur
1492 294 1558 345 ad
1599 312 1882 347 summam:
1923 313 2132 347 summa
2170 299 2252 348 est
2282 299 2461 350 autem

548 402 683 452 quae
724 383 1007 436 conficitur
1039 401 1103 434 ex
1143 383 1421 435 concessis,
1478 382 1623 451 quod
1662 382 1782 436 dico
1821 384 1928 436 tale
1968 387 2070 438 est:
2111 385 2203 452 qui
2236 384 2366 438 dicit
2397 385 2462 438 ‘si

551 472 807 539 ambulat,
832 471 1097 523 movetur'
1121 471 1345 539 probare
1378 472 1494 522 vult
1527 471 1746 539 aliquid,
1778 475 1837 523 ut
1869 489 1988 523 cum
2019 470 2123 524 hoc
2155 472 2309 542 [non]
2343 491 2464 526 con-

553 579 760 614 cessero
801 578 985 612 verum
1025 577 1138 612 esse
1178 563 1341 612 restet
1381 560 1461 612 illi
1502 559 1689 612 docere
1723 561 1867 628 quod
1898 561 2136 613 ambulet
2168 564 2222 613 et
2256 579 2465 614 summa

549 652 919 718 consequatur,
954 667 1087 716 quae
1120 649 1227 700 iam
1259 648 1441 718 negari
1475 666 1584 700 non
1609 651 1802 716 potest,
1835 648 1889 700 id
1920 652 2002 701 est
2027 650 2170 718 quod
2202 654 2463 719 movetur,

551 741 644 790 aut
668 741 833 790 restet
865 738 947 789 illi
973 738 1161 789 docere
1187 737 1330 806 quod
1353 755 1464 790 non
1487 740 1746 805 movetur,
1777 740 1837 788 ut
1863 740 2219 806 consequatur
2243 756 2464 807 summa,

553 845 688 895 quae
728 827 857 878 item
898 844 1007 878 non
1046 829 1228 894 potest
1266 844 1374 878 non
1407 826 1639 894 concedi,
1681 826 1734 877 id
1775 827 1855 877 est
1888 826 2031 894 quod
2063 844 2172 878 non
2212 827 2462 880 ambulet.

553 935 737 968 rursus
772 917 817 967 si
855 915 959 968 hoc
990 916 1150 967 modo
1182 915 1314 967 velit
1347 914 1518 967 dicere
1560 915 1741 967 ‘homo
1782 914 1882 966 iste
1922 914 2198 979 ambulat'‚
2238 915 2464 984 simplex

553 1005 817 1057 sententia
868 1007 962 1071 est,
1015 1022 1174 1072 quam
1227 1005 1272 1055 si
1325 1021 1635 1057 concessero
1684 1006 1736 1055 et
1788 1003 1918 1072 [alia
1957 1021 2092 1071 quae
2132 1004 2340 1071 aliquid
2377 1023 2464 1057 ex-

549 1097 768 1163 pectant
792 1094 858 1146 ad
892 1093 1284 1161 conpletionem
1320 1093 1616 1145 sententiae
1650 1093 1967 1145 sententiam
1999 1092 2460 1160 conprehendunt]

555 1184 859 1235 adiunxerit
899 1183 1058 1234 aliam
1101 1182 1365 1250 ‘quisquis
1407 1185 1584 1233 autem
1639 1180 1878 1232 ambulat
1917 1182 2180 1233 movetur’
2224 1185 2276 1233 et
2327 1182 2465 1234 hanc

555 1272 716 1323 etiam
759 1288 1085 1338 concessero,
1126 1287 1189 1321 ex
1235 1269 1335 1321 hac
1376 1270 1752 1323 coniunctione
1793 1271 2180 1322 sententiarum
2221 1272 2464 1339 quamvis

554 1360 872 1430 singillatim
913 1359 1310 1411 enuntiatarum
1351 1361 1405 1409 et
1445 1376 1813 1411 concessarum
1854 1358 1947 1410 illa
1987 1378 2191 1411 summa
2224 1361 2466 1428 sequitur

557 1468 690 1518 quae
724 1449 828 1501 iam
861 1447 1160 1500 necessario
1195 1447 1532 1515 concedatur,
1572 1447 1626 1499 id
1658 1451 1759 1499 est:
1796 1447 1975 1499 ‘homo
2018 1447 2119 1499 iste
2159 1448 2324 1518 igitur
2354 1467 2464 1502 mo-

552 1538 741 1591 vetur'.
806 1536 891 1589 his
930 1537 1164 1589 breviter
1202 1536 1510 1588 constitutis
1552 1536 1789 1606 singulas
1829 1540 2008 1605 partes
2049 1537 2466 1591 consideremus:

550 1647 675 1680 nam
718 1630 843 1679 sunt
882 1627 1086 1695 primae
1127 1626 1276 1694 duae,
1315 1644 1422 1678 una
1462 1625 1524 1677 de
1563 1625 1648 1677 his
1682 1643 1816 1694 quae
1857 1626 2173 1694 simpliciter
2204 1627 2467 1695 dicuntur,

552 1716 646 1768 ubi
703 1719 785 1768 est
840 1717 992 1784 quasi
1047 1715 1272 1767 materia
1320 1715 1650 1783 dialecticae,
1707 1716 1874 1766 altera
1921 1715 1983 1766 de
2029 1714 2113 1767 his
2163 1733 2297 1784 quae
2347 1734 2467 1768 con-

553 1806 734 1857 iuncta
766 1804 1031 1871 dicuntur,
1062 1804 1156 1855 ubi
1188 1804 1294 1856 iam
1322 1803 1473 1872 quasi
1507 1822 1640 1872 opus
1667 1807 1901 1872 apparet.
1966 1822 2100 1873 quae
2126 1804 2188 1856 de
2215 1804 2467 1873 simplici-

551 1895 652 1947 bus
706 1898 801 1964 est,
839 1897 1063 1947 vocatur
1103 1894 1166 1945 de
1205 1893 1487 1963 loquendO.
1564 1894 1657 1945 illa
1696 1911 1821 1945 vero
1873 1911 2007 1961 quae
2056 1894 2119 1944 de
2166 1893 2467 1946 coniunctis

552 1988 649 2052 est,
689 1984 746 2036 in
784 1987 893 2036 tres
933 1987 1113 2052 partes
1155 1982 1432 2034 dividitur:
1478 1986 1720 2050 separata
1759 1982 1899 2034 enim
1941 1983 2316 2036 coniunctione
2356 2003 2467 2037 ver-

550 2073 744 2125 borum
779 2091 914 2141 quae
954 2090 1063 2124 non
1102 2072 1292 2140 implet
1333 2072 1667 2139 sententiam,
1709 2071 1802 2123 illa
1836 2090 1969 2140 quae
2009 2072 2086 2124 sic
2125 2073 2314 2141 implet
2355 2092 2468 2126 sen-

553 2162 799 2228 tentiam,
840 2165 900 2213 ut
947 2161 1184 2213 nondum
1231 2162 1395 2213 faciat
1436 2161 1801 2229 quaestionem
1841 2162 1926 2212 vel
1965 2161 2352 2229 disputatorem
2392 2181 2469 2214 re-

556 2251 749 2319 quirat,
781 2253 1005 2302 vocatur
1037 2251 1099 2302 de
1133 2250 1453 2318 eloquendo,
1493 2249 1586 2301 illa
1618 2268 1752 2318 quae
1793 2250 1868 2301 sic
1908 2250 2096 2318 implet
2136 2251 2468 2320 sententiam,

553 2343 613 2391 ut
647 2340 710 2391 de
743 2339 1021 2391 sententiis
1056 2339 1389 2407 simplicibus
1422 2338 1697 2406 iudicetur,
1730 2342 1951 2391 vocatur
1984 2339 2045 2390 de
2078 2339 2469 2411 proloquend03

557 2430 651 2482 illa
684 2448 818 2497 quae
859 2430 934 2480 sic
967 2428 1371 2496 comprehendit
1403 2428 1736 2497 sententiam,
1776 2431 1836 2479 ut
1869 2428 1932 2479 de
1965 2428 2082 2497 ipsa
2115 2430 2274 2481 etiam
2310 2447 2469 2498 copu-

552 2518 753 2570 latione
794 2518 1073 2585 iudicetur,
1114 2517 1281 2569 donec
1333 2517 1675 2585 perveniatur
1714 2517 1779 2567 ad
1820 2535 2105 2586 summam,
2145 2521 2366 2570 vocatur
2405 2518 2468 2571 de

552 2608 959 2676 proloquiorum
1001 2625 1219 2658 summa.

702 2695 924 2747 verbum
966 2698 1047 2747 est
1085 2695 1244 2747 unius
1277 2695 1536 2763 cuiusque
1574 2696 1651 2747 rei
1692 2696 1902 2766 signum
1940 2696 2083 2764 quod
2123 2696 2188 2748 ab
2221 2696 2468 2750 audiente

553 2785 726 2854 possit
777 2785 1019 2855 intellegi
1067 2803 1096 2835 a
1145 2785 1398 2854 loquente
1449 2786 1733 2853 prolatum.
1812 2803 1895 2836 res
1948 2788 2031 2837 est
2082 2786 2338 2853 quicquid
2386 2785 2470 2838 vel

437 2936 491 2974 28
526 2932 774 2989 Auyustin.
807 2932 861 2975 de
892 2931 1004 2975 dial.
1034 2932 1078 2975 V
1102 2946 1145 2987 p.
1167 2934 1194 2974 ‘7
1229 2931 1387 2975 Orecel.
1422 2929 1630 2986 (verbum
1664 2966 1671 2973 .
1709 2965 1717 2974 .
1754 2964 1762 2972 .
1796 2931 1964 2986 potest.
2012 2930 2127 2974 haec
2161 2931 2317 2974 omnia
2350 2944 2469 2987 quae

289 2990 484 3034 definita
528 2993 637 3033 sunt
677 2993 836 3034 utrum
878 2992 1004 3034 recte
1048 2989 1242 3032 definita
1286 2989 1380 3032 sint
1413 3024 1420 3031 .
1458 3024 1464 3032 .
1502 3024 1511 3032 .
1543 2989 1623 3032 ille
1656 2989 1888 3032 indicabit
1930 2988 2059 3033 locus
2093 3003 2183 3045 quo
2218 2990 2469 3034 definiendi

289 3049 538 3106 disciplina
570 3052 813 3094 tractatur.
876 3064 998 3093 nunc
1030 3049 1155 3104 quod
1197 3050 1345 3092 instat
1377 3048 1537 3104 accipe
1580 3049 1802 3092 intentus.
1866 3062 1999 3092 omne
2033 3084 2040 3092 .
2079 3085 2086 3092 .
2122 3084 2131 3093 .
2165 3050 2351 3106 signum
2384 3052 2467 3094 est.

288 3109 463 3165 quippe
493 3109 715 3164 inspectis
748 3124 775 3151 a
805 3109 992 3166 legente
1024 3108 1195 3151 litteris
1229 3109 1430 3151 occurrit
1470 3108 1624 3151 animo
1657 3108 1770 3164 quid
1801 3122 1912 3151 voce
1952 3112 2225 3164 prorumpat
2250 3145 2258 3152 .
2286 3143 2295 3152 .
2323 3144 2330 3152 .
2358 3122 2468 3167 ergo

286 3170 341 3212 ut
373 3181 616 3225 coeperam
649 3169 802 3212 dicere
834 3182 971 3212 omne
1002 3168 1191 3211 verbum
1224 3169 1371 3211 sonat.
1428 3168 1508 3210 sed
1544 3202 1551 3210 .
1588 3203 1596 3210 .
1631 3202 1639 3210 .
1675 3167 1919 3224 significat.
1978 3167 2059 3211 sed
2098 3167 2322 3224 exemplis
2354 3168 2469 3213 haec

287 3227 581 3271 inlustranda
613 3241 714 3271 esse
744 3227 988 3284 perspicio.
1017 3261 1027 3271 .
1055 3261 1063 3270 .
1092 3262 1099 3270 .
1128 3241 1237 3284 ergo
1264 3240 1399 3270 omne
1424 3227 1612 3269 verbum
1644 3229 1829 3283 praeter
1859 3227 1909 3269 id
1942 3227 2066 3282 quod
2090 3230 2226 3271 sonat
2249 3229 2472 3284 quattuor

290 3286 521 3343 quaedam
566 3287 828 3331 necessario
867 3288 1004 3331 vocat
1048 3286 1097 3329 in
1136 3286 1478 3341 quaestionem:
1528 3286 1757 3343 originem
1804 3300 1937 3330 suam
1975 3286 2068 3329 vim
2108 3286 2469 3331 declinationem

289 3346 644 3391 ordinationem.
681 3381 690 3390 .
718 3380 727 3390 .
756 3381 765 3390 .
800 3346 903 3402 quis
936 3346 1059 3390 enim
1091 3345 1294 3402 reperire
1326 3345 1475 3402 possit
1506 3345 1730 3401 quicquid
1763 3346 1940 3388 dictum
1971 3345 2113 3389 fuerit
2142 3346 2266 3389 unde
2298 3346 2368 3390 ita
2400 3346 2469 3388 di-

289 3408 416 3449 ctum
448 3406 539 3450 sit?
585 3405 695 3450 huic
727 3406 909 3450 accedit
939 3406 1064 3462 quod
1094 3406 1150 3448 ut
1181 3405 1463 3449 somniorum
1494 3404 1820 3461 interpretatio
1851 3405 1919 3448 ita
1951 3405 2191 3449 verborum
2224 3404 2354 3463 origo
2386 3418 2470 3462 pro

289 3466 511 3520 cuiusque
558 3465 747 3522 ingenio
795 3466 1042 3509 iudicatur.
1107 3478 1214 3508 ecce
1262 3464 1385 3508 enim
1431 3464 1575 3507 verba
1622 3465 1725 3520 ipsa
1757 3498 1766 3508 .
1803 3499 1811 3507 .
1847 3499 1856 3508 .
1891 3464 2092 3508 clamare
2140 3467 2188 3509 et
2233 3463 2469 3522 Vergilius

291 3524 473 3582 (Geory.
508 3526 602 3569 III
623 3528 738 3581 223)
775 3525 990 3569 ‘reboant
1022 3524 1201 3568 silvae'.
1265 3537 1373 3580 ergo
1409 3557 1418 3567 .
1453 3558 1462 3566 .
1498 3558 1506 3566 .
1541 3524 1750 3568 sonando
1782 3525 1943 3580 e.q.s.)

439 3663 464 3701 6
495 3661 738 3702 moveatur
763 3659 984 3703 Grecelius
1015 3659 1028 3714 ΙΙ
1062 3661 1087 3700 9
1103 3671 1165 3713 sq.
1198 3658 1285 3702 secl
1303 3656 1545 3702 Grecelius:
1577 3657 1633 3711 ef.
1652 3670 1702 3713 p.
1728 3660 1834 3712 235,
1852 3660 1909 3701 15
1923 3670 1985 3714 sq.
2021 3655 2380 3714 (conpletionem
2402 3657 2472 3702 vel

291 3717 695 3775 complectionem)
736 3719 749 3775 ΙΙ
789 3722 842 3762 11
877 3716 1145 3761 adiunxerit
1173 3716 1243 3761 vel
1280 3715 1558 3760 adiunxerat
1599 3718 1612 3773 Η
1657 3721 1712 3760 14
1745 3715 2028 3761 concedatur
2057 3717 2125 3760 vel
2155 3714 2427 3760 conceditur
2455 3717 2470 3773 ΙΙ

292 3781 346 3820 16
380 3777 499 3820 duae
531 3779 598 3821 vel
629 3779 677 3822 et
709 3777 829 3821 duae
866 3778 881 3833 ΙΙ
921 3781 977 3820 23
1008 3777 1207 3819 uocatur
1238 3775 1295 3820 de
1326 3777 1394 3820 vel
1424 3775 1482 3819 de
1522 3777 1535 3833 ΙΙ
1575 3779 1631 3819 28
1665 3776 1889 3832 cuiusque
1919 3777 1987 3820 vel
2017 3774 2241 3831 cuiusque
2271 3774 2341 3819 rei

2490 1118 2533 1150 10

2491 1562 2533 1595 15

2492 2006 2535 2039 20

2493 2451 2537 2485 25
