2600 4198
292 170 401 223 252
1146 170 1621 216 ADNOTATIONES

444 311 529 370 22,
558 311 639 358 19.
681 310 852 366 oculis,
885 310 1012 369 quod
1042 309 1296 370 Scioppius
1329 310 1462 367 del-et,
1493 313 1678 359 tutatur
1707 312 1884 360 Festus
1917 305 1996 377 (=
2028 328 2117 374 per
2147 307 2353 381 oculos).

445 390 528 453 22,
557 393 638 440 20.
680 386 802 455 <in>
836 406 978 439 omne
1012 391 1143 453 quod
1174 393 1397 439 nascitur
1426 392 1556 455 ignis
1589 408 1640 440 se
1672 392 1804 441 indit
1830 392 1988 442 Oanal
2013 388 2166 458 (indit
2197 409 2305 442 eum
2326 389 2479 462 Scal),

294 474 458 520 minus
492 476 626 528 recte,
659 474 775 531 quia
807 473 868 520 ab
899 474 1002 532 iyni
1032 474 1133 520 vita
1164 474 1275 532 ipsa
1307 473 1513 521 ducitur.

445 562 529 622 23,
558 563 602 608 2.
643 561 815 625 fulgur
845 576 906 608 ne
937 563 1154 621 eorriyas
1185 577 1293 609 cum
1321 560 1505 609 Canale
1538 566 1580 610 et
1602 561 1663 610 A.
1681 561 1762 623 Sp.
1799 564 1857 622 ef.
1883 563 2006 611 Isid.
2035 563 2189 611 XIII
2211 567 2257 620 9,
2281 567 2318 613 2
2347 567 2479 613 item·

294 657 383 701 que
422 643 622 701 exempli
654 658 688 690 c.
726 641 821 690 050.
853 641 1014 690 Somn.
1047 641 1173 702 Scip.
1210 646 1279 690 17
1312 636 1421 708 (ille
1452 643 1620 707 fulgor
1651 646 1738 706 qui
1770 644 1953 692 dicitur
1982 638 2163 711 Iovis),
2199 644 2303 694 ΤΘ.
2337 661 2374 694 3.
2408 662 2482 705 v.;

294 738 590 784 quamquam
621 726 680 784 cf.
709 723 892 771 Thulin
915 722 1061 771 Arch.
1090 724 1231 772 XIV
1249 740 1302 784 p.
1338 726 1447 771 369
1463 738 1559 784 sqq.
1594 724 1747 783 (376.
1784 725 1936 786 379).

447 806 531 866 23,
559 807 605 853 3.
657 805 919 853 contrariis
952 805 1046 854 diis
1080 806 1146 853 ad
1177 808 1422 865 sequentia
1453 810 1667 866 spectare
1697 807 1838 854 multi
1880 809 2202 855 coniecerunt:
2243 809 2371 855 velut
2411 809 2481 856 sic

294 888 459 934 scribit
490 888 699 946 Madvig]
723 886 850 934 Adv.
875 888 947 934 II
963 903 1014 946 p.
1042 890 1165 934 167:
1196 889 1363 934 ictum.
1404 888 1453 933 in
1490 888 1751 935 contrariis
1784 887 1858 936 dis
1892 887 1953 935 ab
1987 888 2153 947 (aliter
2176 889 2342 937 Reiter
2367 889 2476 938 obs.

297 970 397 1015 erit.
423 983 477 1028 p.
514 969 668 1028 9311).

445 1059 529 1118 23,
557 1060 602 1106 6.
651 1057 817 1105 Velini
860 1058 959 1104 seit.
992 1060 1223 1115 fluminis.
1280 1058 1399 1105 Noli
1439 1059 1496 1105 (Ie
1528 1058 1640 1105 lacu
1672 1058 1849 1106 Velino
1894 1060 2123 1118 coeit-are:
2164 1074 2282 1106 nam
2319 1059 2481 1107 lacum

296 1138 465 1185 Velini
501 1140 624 1187 Idem
658 1139 815 1187 Varro
848 1139 893 1186 d.
927 1155 964 1186 r.
1000 1155 1038 1185 r.
1072 1139 1174 1185 III
1201 1142 1250 1194 2,
1278 1141 1312 1186 3
1343 1140 1496 1194 habet,
1534 1140 1613 1186 ubi
1645 1141 1701 1199 ef.
1737 1140 1850 1187 adn.
1885 1141 2047 1187 Keilii.

445 1229 528 1287 23,
558 1229 601 1274 7.
658 1226 962 1275 Commotiae
1002 1228 1248 1287 vulyatam
1293 1230 1379 1275 etsi
1421 1232 1698 1287 receperunt
1729 1243 1904 1284 omnes,
1947 1232 2107 1276 tamen
2139 1230 2279 1277 valde
2310 1230 2366 1277 de
2398 1244 2481 1277 no-

295 1310 423 1355 minc
454 1309 760 1366 dubitamus;
803 1311 944 1356 immo
985 1312 1311 1368 eoespeetamus
1343 1309 1437 1357 tale
1468 1310 1605 1370 quid,
1639 1310 1780 1369 quale
1815 1314 1880 1356 est
1914 1310 2209 1359 commotilis
2250 1303 2327 1376 (ut
2359 1312 2481 1359 elec-

294 1389 423 1445 tilis,
455 1390 663 1445 fossilis,
698 1383 837 1456 alia).

446 1479 528 1539 23,
554 1480 635 1526 14.
681 1478 753 1538 Cf.
773 1479 969 1527 Schulee
985 1474 1058 1525 εΖ.
1074 1477 1131 1526 G.
1147 1479 1191 1526 d.
1207 1474 1475 1538 l.Ei9enn.'
1492 1478 1685 1539 (1904)
1696 1494 1747 1539 p.
1771 1480 1878 1527 465
1901 1483 1944 1528 et
1965 1480 2299 1541 Dittenberyer
2311 1482 2483 1529 Herm.

296 1560 435 1606 XLI
455 1559 647 1620 (1906)
671 1575 724 1619 p.
747 1561 817 1608 86
850 1561 962 1608 adn.
992 1562 1037 1607 3.
1072 1586 1144 1592 —
1171 1558 1315 1608 Adde
1347 1562 1627 1608 testimoniis
1660 1562 1804 1609 Diod.
1841 1561 1983 1608 XXI
2000 1577 2053 1622 p.
2089 1563 2198 1610 493
2230 1563 2302 1611 ed.
2331 1563 2481 1611 IVess

446 1650 531 1709 23,
560 1651 640 1696 17.
688 1648 760 1709 Cf.
795 1650 1072 1697 Bluemlein
1102 1651 1156 1696 in
1190 1649 1460 1709 Woelfflini
1484 1648 1629 1697 Arch.
1668 1651 1812 1697 VIII
1829 1666 1881 1710 p.
1920 1651 2037 1698 586.
2475 1693 2477 1695 ,

447 1733 531 1790 24,
562 1734 605 1778 1.
646 1732 856 1779 Fontem
890 1724 997 1797 (ubi
1027 1731 1229 1779 Fortem
1252 1724 1496 1797 plerique)
1522 1735 1635 1791 post
1669 1732 1903 1780 Canalem
1935 1733 2293 1793 Berylciumque
2324 1734 2482 1782 vindi-

296 1814 422 1860 cavit
453 1813 581 1860 Boot
611 1814 640 1860 Z.
674 1828 709 1860 3.
742 1828 778 1861 3.

447 1897 531 1955 24,
559 1896 604 1942 3.
650 1895 722 1955 Of.
753 1895 936 1943 Vahlen
961 1895 1091 1943 Enn.
1110 1909 1241 1954 poes.
1269 1896 1350 1944 rel.
1374 1909 1426 1954 p.
1457 1895 1684 1942 XXXII
1705 1899 1748 1941 et
1778 1896 1842 1943 ad
1858 1893 1990 1942 Ann.
2017 1895 2055 1941 I
2077 1895 2139 1954 fr.
2159 1894 2298 1942 LIX
2321 1895 2378 1942 ed
2401 1896 2483 1943 alt.

446 1979 531 2038 24,
561 1979 625 2025 13
652 1991 719 2036 sq.
780 1976 853 2036 Cf.
902 1979 1027 2025 inter
1073 1977 1195 2024 alios
1247 1977 1592 2037 Wackernayel
1639 1978 1695 2024 de
1734 1978 1916 2036 patliol.
1965 1980 2049 2025 vet.
2097 1977 2250 2024 initiis
2299 1975 2482 2035 (Basil.

299 2059 467 2119 1876)
496 2074 545 2118 p.
579 2061 649 2107 24
668 2073 734 2118 sq.

447 2142 531 2200 24,
559 2142 643 2187 20.
688 2140 760 2200 Of.
793 2140 990 2187 Schulee
1024 2136 1097 2187 τΖ.
1135 2139 1194 2187 G.
1229 2140 1273 2186 d.
1307 2140 1335 2186 l.
1369 2134 1597 2198 Eioenn.'
1623 2155 1676 2199 p.
1715 2141 1828 2186 173
1860 2140 1973 2186 adn.

449 2223 533 2283 24,
561 2224 643 2269 21.
685 2221 903 2287 γάργαρα
934 2221 1170 2281 Scaliyeri
1199 2222 1404 2281 neyleeto
1429 2221 1576 2268 Pauli
1609 2222 1871 2268 testimonio
1897 2221 2220 2279 BIueZlerique
2252 2235 2483 2268 commen-

296 2305 422 2351 tario
453 2305 550 2362 fuit
581 2306 663 2363 Qui
693 2319 850 2363 nuper
882 2304 1241 2350 commendaret.

448 2387 531 2448 24,
559 2387 641 2434 25.
690 2385 945 2433 melander
969 2407 1023 2421 =
1050 2383 1323 2449 μελάνδρυς
1340 2398 1435 2443 pro
1461 2383 1766 2449 μελάνὸρυον
1791 2385 1983 2431 dietum.
2027 2383 2319 2446 melandrya
2342 2384 2481 2432 Laet.

449 2469 533 2527 24,
561 2468 645 2515 26.
696 2468 964 2515 vernacula
1008 2469 1118 2514 ante
1156 2465 1400 2514 vocabula
1438 2466 1583 2525 suppl
1614 2466 1718 2525 Sp„
1759 2480 1851 2524 pro
1885 2465 2128 2513 vocabula
2171 2466 2486 2513 substituebat

301 2550 473 2597 Canal.

449 2632 533 2692 25,
562 2632 606 2678 5.
653 2630 725 2690 Of.
758 2629 819 2677 L.
846 2629 1047 2691 Spenyet
1081 2621 1238 2677 ‘Uber
1270 2630 1314 2676 d.
1349 2624 1498 2676 Krit?
1524 2643 1575 2687 p.
1605 2631 1714 2675 447
1746 2629 1858 2677 adn.
1878 2629 1937 2654 Η
1971 2629 2048 2688 (in
2080 2629 2149 2676 ed.
2183 2627 2482 2688 neyleetum).

452 2713 538 2773 25,
565 2716 610 2761 9.
651 2712 927 2777 κερκουρίς,
962 2711 1088 2771 quod
1119 2711 1231 2760 Seal
1262 2712 1502 2778 reiecerat,
1535 2711 1896 2758 commendabat
1925 2710 2062 2765 Mue,
2094 2711 2206 2757 item
2241 2710 2322 2759 Wi
2352 2703 2481 2775 (κέρ-

297 2812 476 2859 κουρος
502 2795 691 2854 quidem
715 2795 869 2854 piscis
892 2808 1065 2842 nomen
1089 2807 1202 2849 esse,
1234 2793 1318 2841 sed
1349 2791 1570 2856 κερκίων,
1601 2789 1905 2856 κερκόρωνος
1927 2793 2126 2838 nomina
2152 2785 2356 2857 avium),
2389 2791 2482 2846 eui,

297 2878 535 2936 siquidem
576 2877 657 2923 vix
700 2876 1049 2923 eoncedendum
1084 2875 1278 2924 Waldio
1309 2889 1487 2922 sanum
1535 2887 1633 2921 esse
1664 2874 1892 2928 cerceris,
1934 2870 2175 2937 κερκήδης
2209 2875 2251 2919 et
2282 2875 2485 2931 propter

299 2959 572 3006 litterarum
602 2958 968 3005 similitudinem
1001 2960 1043 3004 et
1064 2960 1267 3016 propter
1295 2956 1645 3016 ylossariorum
1675 2956 1970 3014 scripturam
1993 2953 2333 3012 praetulimus.

451 3048 535 3106 25,
557 3049 637 3094 14.
685 3047 819 3094 lutra
844 3048 911 3093 est
941 3047 1024 3105 qui
1057 3045 1325 3092 Varronem
1356 3044 1551 3091 duxisse
1582 3042 1722 3090 malit
1755 3059 1786 3089 a
1817 3043 1870 3089 lu
1908 3046 1951 3090 et
1980 3044 2116 3090 terra
2149 3042 2248 3091 coll.
2273 3057 2326 3102 p.
2347 3043 2433 3098 42,
2451 3043 2485 3089 9

303 3122 459 3193 (quod
484 3128 545 3176 ab
569 3131 704 3175 terra
728 3127 975 3190 agricolae.
1008 3126 1211 3175 solvunt
1240 3125 1293 3173 id
1326 3128 1402 3174 est
1433 3126 1598 3186 luunt,
1629 3117 1899 3190 lumecta):
1930 3126 2027 3172 nisi
2048 3125 2215 3183 potius
2245 3124 2364 3172 litra
2387 3136 2484 3184 pro

300 3210 394 3256 lira
427 3210 762 3269 eorriyendum
795 3222 893 3256 esse
922 3209 1142 3256 indicare
1171 3207 1357 3262 volebat
1387 3209 1469 3266 qui
1500 3207 1703 3266 scripsit.

454 3292 538 3352 25,
565 3292 648 3338 21.
693 3289 766 3349 Of.
791 3288 975 3337 Schoell
1004 3291 1059 3336 in
1092 3289 1366 3350 Woelfflini
1389 3286 1535 3335 Arcle.
1556 3288 1608 3334 X
1628 3303 1681 3347 p.
1706 3290 1812 3334 116
1835 3280 1986 3353 (adde
2020 3287 2101 3335 VI
2127 3288 2198 3334 88
2213 3301 2280 3346 sq.
2317 3288 2386 3333 93
2417 3285 2485 3334 ad

302 3374 650 3421 illustrandum
682 3371 851 3419 consul
884 3364 1021 3437 ciat).

453 3455 538 3515 26,
563 3455 610 3501 4.
654 3453 727 3513 Cf.
744 3453 1020 3500 Mommsen
1038 3447 1279 3500 ‘Staatsr.'
1299 3451 1370 3498 II
1385 3444 1498 3510 13p.
1518 3453 1627 3500 223
1644 3451 1757 3498 adn.
1777 3450 1831 3510 (4
1842 3452 1922 3498 79.
1947 3451 2048 3497 511
2069 3450 2182 3497 adn.
2206 3449 2312 3497 542
2328 3447 2481 3508 acm).

453 3537 537 3597 26,
565 3537 610 3583 5.
655 3534 728 3594 Cf.
761 3533 959 3582 Schulee
990 3534 1018 3582 l.
1052 3548 1088 3581 3.
1122 3547 1158 3582 3.
1183 3548 1237 3592 p.
1269 3534 1382 3581 218
1412 3533 1526 3581 adn.
1559 3535 1608 3580 4.

455 3618 540 3678 26,
567 3618 614 3665 8.
656 3616 878 3677 Coyitare
910 3616 1075 3676 possis
1106 3615 1164 3662 de
1194 3615 1274 3663 vel
1307 3607 1410 3681 (ui)
1442 3616 1557 3674 post
1587 3613 1844 3662 dicebatur
1873 3612 2142 3667 inserendo,
2185 3611 2314 3659 unde
2356 3611 2486 3658 duae

303 3702 571 3748 nascantur
593 3698 814 3746 diversae
838 3696 1050 3745 eiusdem
1073 3697 1408 3757 oriyinationis
1431 3696 1874 3755 interpretationes;
1902 3695 1976 3742 uti
1998 3707 2128 3741 nune
2150 3692 2297 3740 verba
2320 3692 2482 3752 leywnae

305 3785 398 3837 tur,
430 3780 580 3828 verba
612 3778 745 3841 quod
777 3794 807 3826 a
839 3778 1038 3827 consule
1069 3777 1326 3826 dicebatur
1356 3777 1423 3825 ad
1455 3779 1640 3838 etymon
1672 3778 1865 3829 omnino
1894 3789 1994 3823 non
2023 3776 2249 3835 spectant.

2543 0 2600 299 Ἰ
