2600 4198
222 596 276 634 67

222 1039 276 1078 68

221 1484 274 1522 69

223 1928 277 1967 70

222 2730 272 2767 71

313 179 417 231 188
1096 178 1177 222 DE
1208 177 1440 222 LINGVA
1469 178 1654 223 LATIN
1655 179 1696 222 A

309 315 438 385 biga
477 314 750 385 quadriga,
787 332 962 382 neque
994 313 1059 365 ab
1091 313 1177 366 his
1210 313 1434 367 vocibus
1474 331 1608 382 quae
1649 314 1913 367 declinata
1952 319 2091 384 sunt,
2129 315 2489 369 multitudinis

310 404 617 474 significant
655 403 964 471 quicquam:
1012 401 1132 454 ideo
1172 402 1317 470 quod
1355 402 1535 454 omnia
1572 403 1932 456 multitudinis
1984 422 2119 473 quae
2158 404 2492 458 declinantur

309 493 377 544 ab
409 510 534 560 un0,
565 495 679 544 uta
703 491 905 542 merula
937 492 1187 559 merulae,
1218 493 1343 542 sunt
1375 491 1488 543 eius
1520 491 1682 559 modi,
1713 494 1775 543 ut
1807 492 2066 562 singulari
2099 492 2489 563 subiunga<n>

310 585 414 648 tur,
454 581 531 632 sic
570 582 802 632 merulae
843 579 991 646 duae,
1031 578 1237 632 catulae
1269 582 1391 647 treS,
1430 578 1636 631 faculae
1670 583 1937 648 quattuor.
1994 599 2156 650 quare
2189 599 2310 635 cum
2348 580 2490 634 idem

308 687 417 722 non
441 669 616 738 possit
640 667 909 738 subiungi,
939 668 1111 735 *tcum
1136 667 1363 721 dicimus
1395 667 1551 738 bigae
1583 686 1733 737 unae,
1769 668 2058 738 quadrigae
2091 670 2240 737 duae,
2271 669 2489 738 nuptiae
2535 688 2557 722 s

307 763 431 827 treS,
472 758 563 809 sed
603 775 701 826 pro
742 775 804 809 eo
844 775 982 809 unae
1020 756 1199 826 bigae,
1237 756 1395 808 binae
1434 756 1746 827 quadrigae,
1785 758 1955 810 trinae
1993 759 2234 826 nuptiae,
2273 761 2492 826 apparet

307 865 418 899 non
457 864 570 899 esse
610 865 642 898 a
679 846 807 917 biga
846 849 899 898 et
932 845 1191 915 quadriga
1224 845 1323 914 [et]
1357 845 1513 916 bigae
1555 848 1606 897 et
1640 846 1942 915 quadrigae,
1983 846 2074 899 sed
2113 850 2174 898 ut
2212 850 2293 898 est
2331 846 2492 899 huius

311 935 514 989 ordinis
561 935 746 1003 una[e]
796 935 928 987 duae
975 936 1084 986 tres
1123 935 1519 1003 princip<i>um
1560 953 1686 1004 una,
1743 935 1818 986 sic
1858 936 1913 987 in
1951 935 2055 987 hoc
2102 936 2283 987 ordine
2324 937 2490 987 altero

310 1042 447 1076 unae
478 1023 633 1077 binae
666 1024 836 1075 trinae
868 1023 1193 1092 principium
1227 1026 1306 1075 est
1337 1042 1487 1075 unae.
1541 1024 1759 1076 tertium
1802 1041 1970 1093 genus
2010 1026 2092 1075 est
2123 1024 2256 1076 illud
2296 1024 2491 1092 duplex

310 1113 454 1182 quod
494 1113 626 1181 dixi,
673 1113 729 1163 in
770 1130 875 1179 quo
917 1116 970 1163 et
1008 1130 1092 1164 res
1140 1116 1193 1164 et
1232 1130 1388 1164 voces
1429 1112 1674 1165 similiter
1719 1130 1817 1181 pro
1857 1112 2101 1180 portione
2142 1113 2392 1165 dicuntur
2430 1115 2491 1164 ut
2515 1131 2559 1164 10

308 1201 481 1254 bonus
514 1203 701 1269 malus,
725 1201 854 1253 boni
887 1201 1030 1268 mali,
1055 1201 1119 1253 de
1151 1219 1377 1269 quorum
1412 1201 1657 1271 analogia
1689 1206 1742 1254 et
1767 1200 2154 1269 Aristophanes
2180 1202 2251 1269 (p.
2268 1205 2380 1253 267
2395 1200 2492 1270 N.)

311 1294 363 1342 et
401 1290 493 1343 alii
534 1290 880 1358 scripserunt.
943 1289 1137 1341 etenim
1179 1289 1310 1342 haec
1350 1290 1576 1358 denique
1616 1290 1850 1358 perfecta
1888 1293 1949 1341 ut
1988 1290 2042 1341 in
2077 1290 2331 1357 oratione,
2370 1289 2492 1342 illae

310 1380 443 1431 duae
484 1378 753 1447 simplices
793 1377 1072 1431 inchoatae
1113 1377 1406 1447 analogiae,
1447 1379 1509 1431 de
1542 1379 1736 1447 quibus
1768 1381 1948 1430 tamen
1982 1379 2264 1446 separatim
2306 1378 2492 1442 dicam,

312 1467 455 1536 quod
495 1467 580 1520 his
621 1485 833 1536 quoque
872 1467 1077 1518 utimur
1116 1467 1174 1519 in
1210 1467 1491 1535 loquendo.
1567 1468 1659 1519 sed
1698 1467 1846 1535 prius
1888 1468 1950 1519 de
1989 1467 2245 1535 perfecta,
2293 1468 2349 1518 in
2388 1485 2493 1535 qua

310 1561 363 1609 et
410 1574 493 1609 res
540 1560 593 1609 et
632 1574 788 1608 voces
837 1556 1064 1624 quadam
1114 1556 1465 1608 similitudine
1514 1557 1875 1626 continentur,
1930 1556 2081 1609 cuius
2128 1574 2322 1625 genera
2369 1558 2494 1607 sunt
2515 1573 2560 1607 16

308 1647 434 1698 tria:
474 1664 639 1697 unum
681 1646 1022 1697 vernaculum
1063 1663 1123 1696 ac
1163 1645 1309 1697 domi
1348 1648 1548 1713 natum,
1589 1646 1814 1697 alterum
1854 1645 2235 1712 adventicium,
2274 1645 2493 1696 tertium

308 1735 537 1787 nothum
590 1752 653 1786 ex
691 1734 975 1803 peregrino
1023 1733 1112 1785 hic
1158 1737 1359 1786 natum.
1430 1735 1772 1786 vernaculum
1812 1738 1892 1786 est
1931 1738 1991 1786 ut
2030 1737 2179 1786 sutor
2219 1737 2271 1786 et
2308 1732 2495 1801 pistor,

310 1824 479 1877 sutori
512 1824 725 1892 pistori3
757 1822 1118 1875 adventicium
1152 1827 1231 1875 est
1262 1826 1323 1874 ut
1346 1821 1609 1876 Hectores
1634 1822 1905 1891 NestoreS,
1930 1823 2190 1875 Hectoras
2214 1821 2494 1890 Nestoras;

310 1914 528 1966 tertium
569 1913 704 1966 illud
743 1913 968 1965 nothum
1009 1915 1070 1963 ut
1101 1911 1339 1964 Achilles
1373 1918 1426 1964 et
1457 1911 1623 1964 Peles.
1685 1913 1799 1980 †de
1840 1930 2031 1982 genere
2070 1911 2227 1963 multi
2267 1913 2494 1962 utuntur

308 2021 419 2056 non
457 2003 616 2054 modo
656 2004 863 2071 poetae,
902 2001 993 2053 sed
1034 2002 1194 2052 etiam
1235 2001 1477 2070 plerique
1515 2001 1697 2069 †haec
1735 2001 1908 2069 primo
1961 2019 2144 2053 omnes
2186 2000 2278 2067 qui
2319 1999 2494 2051 soluta
2518 2022 2562 2054 κο

311 2091 552 2144 oratione
592 2091 888 2158 loquuntur
929 2089 1176 2142 dicebant
1208 2093 1268 2141 ut
1302 2090 1707 2158 qu<a>estorem
1741 2093 2057 2158 praetorem,
2098 2089 2174 2142 sic
2204 2088 2493 2140 Hectorem

308 2180 618 2232 Nestorem:
673 2181 857 2247 itaque
896 2178 1105 2230 Ennius
1147 2179 1221 2230 ait
1275 2179 1488 2246 (fr-aym.
1523 2183 1582 2231 tr.
1617 2183 1686 2230 93
1710 2179 1823 2246 R.):
1880 2178 2149 2232 ‘Hectoris
2195 2180 2381 2230 natum
2429 2176 2494 2227 de

310 2268 541 2320 Troiano
574 2286 729 2320 muro
762 2268 982 2320 iactari'.
1028 2267 1219 2319 Accius
1252 2267 1381 2319 haec
1413 2267 1469 2318 in
1502 2268 1793 2337 tragoediis
1826 2269 1948 2335 (ine.
1972 2267 2076 2334 fab.
2106 2266 2287 2318 XXX
2299 2265 2384 2318 VI
2400 2265 2492 2332 R.)

309 2359 510 2428 largius
544 2377 574 2410 a
604 2358 782 2427 prisca
822 2357 1203 2409 consuetudine
1243 2373 1457 2408 movere
1497 2356 1673 2424 coepit
1712 2359 1765 2407 et
1798 2357 1863 2408 ad
1895 2356 2094 2408 formas
2133 2372 2350 2423 graecas
2383 2372 2493 2405 ver-

308 2447 500 2500 borum
539 2447 710 2516 magis
750 2463 1012 2513 revocare,
1054 2445 1152 2514 [et]
1188 2464 1218 2496 a
1251 2463 1356 2513 quo
1382 2444 1629 2496 Valerius
1670 2445 1729 2513 (3
1749 2462 1806 2511 p.
1834 2449 1905 2497 '78
1934 2444 2098 2512 Fun.)
2140 2443 2236 2495 ait:
2277 2441 2491 2494 ‘Accius
2516 2465 2561 2499 25

309 2535 597 2588 Hectorem
647 2537 816 2588 nollet
864 2535 1063 2602 facere,
1112 2533 1347 2585 Hectora
1398 2533 1616 2586 mallet’.
1693 2534 1838 2601 quod
1892 2533 2189 2586 adventicia
2242 2530 2494 2599 pleraque

308 2625 566 2677 habemus
605 2642 811 2694 graeca,
850 2627 1091 2676 secutum
1131 2626 1191 2674 ut
1231 2622 1295 2675 de
1332 2623 1516 2675 nothis
1557 2622 1898 2692 graecanicos
1939 2640 2151 2690 quoque
2190 2621 2494 2673 nominatus

309 2713 571 2782 plurimos
610 2711 942 2765 haberemus
1016 2712 1198 2780 itaque
1237 2714 1298 2763 ut
1344 2711 1434 2763 hic
1481 2711 1586 2763 alia
1624 2729 1836 2780 graeca,
1888 2711 1992 2763 alia
2038 2710 2367 2780 graecanica,
2419 2710 2495 2760 sic

314 2801 614 2872 analogiae,
666 2820 693 2853 e
734 2801 854 2869 quis
895 2819 1030 2869 quae
1069 2800 1158 2853 hic
1197 2800 1464 2868 not<h>ae
1503 2800 1641 2851 fiunt
1680 2800 2084 2864 declinationes,
2135 2799 2197 2850 de
2235 2798 2320 2850 his
2360 2797 2496 2850 aliae

461 2983 486 3019 5
514 2978 582 3032 Cf.
609 2978 671 3021 ad
695 2980 802 3030 187,
819 2979 880 3021 23
904 2978 918 3032 Η
945 2980 999 3019 16
1028 2976 1095 3030 Of.
1126 2977 1167 3019 V
1186 2979 1245 3019 10
1268 2977 1282 3031 ΙΙ
1316 2979 1369 3018 19
1399 2974 1466 3030 Cf.
1497 2975 1597 3019 GL.
1624 2976 1658 3018 I
1675 2978 1751 3029 23,
1768 2980 1807 3019 ,4.
1837 2978 1913 3028 68,
1929 2977 2017 3029 225
2042 2975 2105 3017 II
2122 2976 2197 3027 39,
2214 2977 2295 3027 13,-
2321 2973 2491 3017 Anecd.

311 3037 442 3081 Helv.
477 3041 579 3090 116,
596 3040 669 3081 27.
706 3039 886 3090 132,28
918 3037 931 3091 ΙΙ
964 3040 1017 3078 21
1056 3035 1123 3088 Cf.
1161 3035 1293 3078 VIII
1319 3038 1379 3078 72
1410 3035 1560 3089 ibique
1594 3035 1817 3078 adnotata

462 3204 486 3242 2
532 3179 800 3256 significarit
844 3200 884 3254 (τ
918 3198 1020 3255 [sic]
1064 3211 1208 3253 supra
1250 3199 1304 3240 nt
1334 3202 1375 3241 et
1416 3198 1521 3250 fort.
1555 3211 1585 3239 u
1618 3211 1672 3241 επ
1703 3212 1757 3239 11.·
1799 3197 1875 3241 sed
1917 3198 1996 3240 vix
2039 3195 2306 3252 significatu
2348 3195 2494 3240 voluit

311 3260 547 3316 corrigere)
591 3260 604 3314 ΙΙ
648 3262 673 3300 5
707 3257 831 3312 quod
871 3270 964 3300 non
1005 3256 1203 3300 dicimus
1242 3269 1336 3299 una
1376 3256 1488 3313 biga
1520 3255 1655 3311 Sciop
1687 3256 1817 3313 (biga
1848 3269 1942 3299 una
1975 3257 2105 3312 Mue)
2149 3257 2162 3312 ΙΙ
2207 3259 2230 3297 7
2264 3255 2335 3299 del
2367 3254 2442 3310 Sp.
2476 3255 2493 3310 ΙΙ

311 3323 416 3374 Ssq.
457 3330 548 3376 une
590 3320 597 3374 Ι
642 3317 878 3373 principii
918 3330 1032 3359 una·
1075 3315 1142 3359 sic
1189 3317 1202 3371 ΙΙ
1251 3320 1304 3358 12
1347 3315 1630 3371 scripserunt
1669 3330 1723 3360 ex
1763 3315 1980 3358 dixerunt
2019 3317 2163 3370 (eraso
2202 3314 2294 3368 fere
2333 3313 2412 3356 dix
2451 3318 2494 3358 et

310 3391 537 3434 suprascr.
573 3376 734 3433 sci-ips)
771 3378 776 3433 1
815 3376 978 3418 -&eni‘:
1011 3377 1083 3419 est
1114 3374 1240 3418 enim
1271 3374 1405 3430 Sciop
1437 3376 1450 3431 Η
1485 3379 1539 3417 16
1573 3374 1882 3418 dominatum·
1918 3376 1931 3430 ΙΙ
1965 3378 2019 3417 17
2051 3373 2218 3416 nothsi-
2260 3372 2330 3415 Ex
2361 3384 2492 3428 pere·

312 3436 445 3494 grino
484 3435 562 3479 hic
592 3438 709 3479 natu
739 3433 996 3479 uernaculfi
1028 3436 1071 3479 6-
1118 3436 1131 3491 ΙΙ
1176 3438 1228 3477 19
1262 3433 1428 3478 Peleus
1454 3433 1573 3478 Laet
1609 3436 1615 3490 1
1656 3434 1744 3478 ·De
1776 3447 1965 3490 generez
2007 3431 2283 3491 <secun>do
2322 3444 2493 3488 genere

311 3496 390 3552 Sp.
421 3498 435 3552 ΙΙ
467 3500 523 3539 20
538 3509 602 3551 sq.
635 3495 801 3551 pleriq3
833 3495 939 3552 hec·
972 3493 1128 3537 Primo
1154 3494 1251 3537 osne
1277 3508 1306 3549 q
1330 3492 1484 3537 soluta
1508 3493 1718 3537 oratione
1749 3495 1791 3549 (e
1823 3506 1878 3537 em
1907 3492 1942 3548 i)
1972 3492 2246 3547 loquuntur:
2279 3489 2492 3547 plerique

313 3568 472 3599 omnes
516 3555 597 3611 qui
644 3554 797 3599 soluta
840 3553 1050 3597 oratione
1089 3553 1355 3608 loquuntur.
1418 3552 1534 3595 haec
1576 3552 1727 3609 primo
1768 3552 1963 3606 Lachm‚
2012 3553 2092 3607 qui
2137 3550 2291 3595 debuit
2334 3551 2493 3594 saltem

312 3613 570 3674 (antiqui)
594 3613 733 3668 haec,
762 3615 859 3657 ‘nisi
887 3613 1023 3657 malis
1045 3612 1255 3669 plerique
1281 3624 1452 3655 omnes.
1493 3611 1609 3655 haec
1632 3611 1784 3667 primo
1809 3626 1853 3667 q.
1879 3624 1913 3654 s.
1939 3624 1980 3654 o.
2004 3610 2034 3653 1.
2067 3611 2080 3666 ΙΙ
2113 3614 2166 3653 21
2199 3611 2352 3666 ptore·
2387 3608 2454 3652 sic
2476 3609 2493 3665 fl

313 3678 368 3716 23
400 3673 569 3717 lactari
601 3675 711 3730 (non
741 3672 930 3729 Iactari)
962 3673 975 3728 ΙΙ
1008 3677 1063 3715 24
1097 3671 1222 3731 cepit
1260 3671 1273 3727 ΙΙ
1313 3675 1368 3713 25
1401 3683 1640 3714 reuocare·
1673 3670 1834 3725 &aquo
1870 3672 1876 3726 Ι
1911 3670 1982 3714 del
2014 3670 2127 3713 Mue
2158 3682 2194 3713 c.
2228 3669 2287 3713 al.
2320 3669 2367 3724 (a
2399 3680 2492 3724 quo

311 3735 360 3777 et
390 3733 486 3790 Sp.)
522 3735 528 3789 j
564 3732 719 3776 accius
750 3746 806 3776 ex
838 3731 970 3775 acciu
1002 3732 1120 3776 inter
1149 3730 1434 3775 scribendum
1465 3731 1511 3785 (⁴
1549 3731 1718 3774 lineola
1749 3730 1837 3786 del)
1876 3731 1890 3786 ΙΙ
1930 3733 1984 3772 26
2017 3728 2179 3787 hetore
2210 3729 2224 3784 ΙΙ
2264 3731 2319 3771 27
2351 3739 2492 3785 greca

314 3793 495 3835 secutfi·
529 3793 581 3834 ut
622 3793 628 3848 Ι
670 3791 934 3835 nominatos
980 3792 993 3847 ΙΙ
1041 3794 1096 3834 28
1128 3789 1357 3846 plurimus
1400 3792 1406 3845 Ι
1447 3788 1695 3845 grecanica
