2600 4198
1011 160 1472 206 PROLEGOMENA
2161 168 2329 213 XXXV

298 297 385 350 44.
426 296 537 349 cod.
563 295 968 349 Vallicellianus
1008 295 1057 348 D
1090 296 1178 365 49,
1204 297 1236 349 3
1279 297 1477 350 saeculi
1514 297 1633 367 XV,
1677 299 1740 351 de
1780 318 1885 368 quo
1926 301 1990 353 cf.
2017 300 2329 356 Antonibon

147 405 198 456 p.
235 386 317 438 12.
397 384 501 448 Qui
540 387 797 437 secuntur·
832 402 1016 436 eorum
1057 387 1385 438 mentionem
1424 388 1529 439 iam
1569 387 1697 439 fecit
1738 386 1999 459 Spengel2
2038 409 2086 458 p.
2120 390 2269 443 XIV:

297 473 383 526 45.
426 473 538 526 cod.
578 472 899 525 Harleianus
940 472 1086 526 5406
1128 476 1181 525 et
1220 474 1324 525 duo
1366 473 1665 527 Florentini

296 562 381 614 46.
422 562 509 614 47.
551 562 758 614 codices
797 561 1146 614 Laurentiani
1184 561 1255 614 LI
1280 562 1313 615 6
1355 563 1551 615 saeculi
1591 564 1693 616 XV
1734 569 1786 617 et
1824 565 1895 618 LI
1925 567 1978 635 7,
2034 568 2183 619 cuius
2232 569 2327 621 sub

146 652 308 704 finem
347 651 479 703 haec
517 651 791 721 leguntur:
832 650 1046 704 Absolvi
1077 669 1162 719 eyo
1201 651 1514 705 Dominieus
1549 652 1901 720 Christophori
1930 655 2331 712 Brasiehilensis

147 738 553 794 MGOGGLVI.
648 740 709 792 X
720 740 837 793 VH
870 740 995 792 Kal.
1038 740 1227 793 Maias
1264 740 1584 793 Florentiae.
1688 740 1873 796 Valeas
1918 746 2008 810 qui
2053 745 2176 813 Zeyis
2218 747 2328 813 feli-

146 831 270 882 citer
324 832 377 881 et
430 829 673 882 inferius-z
729 828 886 881 Liber
941 828 1090 882 Petri
1144 830 1206 881 de
1260 829 1489 883 Medicis
1532 828 1640 884 Cos.
1680 833 1752 898 ᾒῦ.
1810 830 1899 903 (cf.
1939 833 2169 886 Bandini
2208 839 2243 887 t.
2278 835 2329 887 ΙΙ

147 936 196 986 p.
241 915 388 987 528).

296 1005 503 1068 Quibus
543 1008 599 1059 in
637 1007 791 1059 libris
834 1007 1083 1059 omnibus
1126 1008 1171 1058 si
1212 1007 1340 1074 quid
1380 1011 1554 1060 exstat
1595 1010 1740 1077 quod
1772 1011 1967 1063 rectius
2002 1030 2159 1080 quam
2194 1014 2248 1064 in
2280 1013 2338 1065 F

146 1113 257 1147 esse
295 1095 554 1164 videatur,
604 1096 659 1147 id
710 1095 998 1148 tenendum
1042 1099 1122 1147 est
1175 1115 1350 1148 merae
1393 1097 1728 1150 coniecturae
1771 1099 1970 1170 deberi3
2023 1119 2127 1168 qua
2178 1101 2232 1152 in
2273 1120 2327 1153 re

145 1203 269 1238 sane
302 1185 548 1238 cautione
582 1204 715 1254 opus
750 1188 845 1255 est,
884 1203 951 1236 ne
992 1184 1289 1254 elegantiae
1324 1185 1583 1238 orationis
1619 1190 1671 1238 et
1705 1190 2001 1240 structurae
2032 1189 2173 1241 iusto
2206 1191 2326 1258 plus

144 1274 442 1327 tribuentes
484 1274 741 1327 carbones
782 1292 882 1344 pro
923 1273 1174 1326 thesauro
1216 1275 1566 1327 inveniamus.

292 1362 515 1415 Maioris
564 1382 688 1416 sane
739 1363 1000 1416 momenti
1047 1363 1270 1414 meliora
1323 1366 1483 1431 atque
1534 1364 1822 1417 sinceriora
1861 1366 2167 1436 apographa
2209 1372 2332 1420 sunt

145 1453 202 1504 in
243 1471 305 1504 ea
344 1456 495 1521 parte
533 1451 605 1523 (p.
632 1453 720 1520 37,
749 1452 944 1521 1--79‚
971 1451 1044 1523 3),
1086 1453 1140 1504 in
1182 1471 1286 1520 qua
1327 1453 1632 1520 deperditus
1674 1457 1754 1506 est
1791 1454 1865 1522 F,
1903 1455 2008 1506 nisi
2044 1456 2187 1523 quod
2210 1456 2331 1510 Vic-

143 1541 270 1593 torii
322 1542 662 1594 collationem
714 1543 772 1594 in
823 1541 1054 1593 editione
1109 1541 1351 1610 principe
1402 1541 1684 1606 habemUS,
1740 1543 1802 1594 de
1854 1561 1957 1611 qua
2012 1563 2171 1612 supra
2224 1546 2330 1597 iam

145 1630 389 1682 diximus,
485 1630 665 1699 Atque
716 1630 986 1699 exemplar
1032 1630 1168 1682 illud
1207 1629 1526 1682 Monacense
1574 1649 1604 1681 a
1643 1630 2001 1684 bibliothecae
2049 1634 2330 1700 praefectis

143 1719 396 1771 benevole
436 1719 851 1790 Heidelbergam
905 1719 1279 1771 transmissum
1331 1718 1630 1771 Schoellius
1686 1723 1929 1772 accurate
1984 1725 2331 1788 pertractavit

144 1808 201 1860 in
239 1807 340 1860 hac
378 1811 553 1877 parte,
605 1811 880 1877 praeterea
919 1807 1144 1859 selectos
1184 1810 1395 1859 tantum
1436 1810 1583 1860 locos
1624 1809 1925 1877 inspiciens.
2017 1809 2170 1862 Vnde
2210 1830 2327 1863 cum

144 1915 315 1965 pauca
377 1898 432 1948 in
491 1896 764 1968 Spengelii
824 1896 1241 1964 transcriptione
1299 1896 1738 1968 correxerimus1)
1797 1901 1955 1966 atque
2010 1899 2330 1967 suppleveri-

140 2004 283 2054 mus‚
343 1986 401 2037 in
459 1986 769 2039 universum
830 1986 1287 2054 confirmavimus,
1343 1987 1488 2055 quod
1543 1990 1595 2038 et
1658 1986 1789 2037 alias
1853 1990 1905 2039 et
1966 1987 2021 2039 in
2082 1992 2330 2056 postuma

142 2074 374 2127 editione
429 2075 519 2127 ille
574 2075 792 2128 uberius
846 2074 1098 2143 probavit
1153 2075 1314 2143 praef.
1363 2094 1412 2143 p.
1462 2074 1541 2127 III
1559 2094 1671 2144 sqq.
1728 2076 1911 2128 multis
1965 2076 2100 2128 locis
2150 2077 2329 2130 Victo-

141 2165 281 2216 rium
327 2164 539 2232 lapsum
581 2181 694 2216 esse
742 2163 985 2232 falsaque
1027 2167 1272 2216 enotasse
1312 2164 1397 2216 vel
1437 2164 1573 2216 nihil
1620 2168 1849 2233 notasse,
1898 2166 1990 2217 ubi
2032 2167 2329 2235 discrepan-

141 2253 247 2305 tiae
288 2253 417 2305 satis
456 2253 724 2306 notabiles
766 2256 960 2306 essent.
1024 2251 1212 2321 Itaque
1260 2253 1317 2305 in
1356 2253 1456 2305 hac
1496 2257 1646 2321 parte
1685 2273 1780 2322 per
1810 2254 1869 2306 F
1874 2262 1893 2284 ²²
1933 2257 2221 2324 scripturas
2262 2258 2326 2309 ab

141 2342 235 2394 illo
287 2342 580 2411 adscriptas
634 2342 1080 2411 significavimUS,
1130 2361 1225 2410 per
1272 2340 1424 2413 (ΙΝ),
1476 2342 1570 2394 ubi
1622 2361 1686 2394 ex
1734 2344 1944 2396 silentio
1992 2345 2120 2396 satis
2169 2345 2329 2397 dubia

140 2430 348 2483 ratione
405 2432 712 2483 efficiendae
769 2435 964 2484 essent:
1030 2434 1266 2483 attamen
1322 2432 1482 2483 simul
1539 2433 1967 2502 apographorum
2033 2434 2327 2504 discrepan-

140 2520 244 2571 tias
293 2538 427 2588 quae
479 2520 535 2572 in
584 2538 800 2573 censum
847 2519 1091 2572 venirent
1138 2520 1493 2588 respeximuS,
1547 2522 1819 2574 rarissime
1867 2522 2106 2592 singulos
2160 2525 2326 2577 libros

142 2608 446 2677 afferenteS‚
496 2609 587 2661 sed
634 2611 948 2678 plerumque
996 2609 1251 2660 lectiones
1300 2609 1532 2661 diversas
1580 2628 1675 2678 per
1720 2611 1796 2662 vel
1841 2612 2155 2678 particulam
2207 2632 2324 2665 con-

140 2697 438 2768 iungentes

287 2785 347 2838 In
401 2786 624 2855 reliquis
678 2787 921 2855 partibus
975 2787 1240 2855 scriptura
1292 2787 1403 2838 sine
1456 2788 1609 2856 signo
1661 2788 1713 2838 in
1756 2792 2015 2856 apparatu
2053 2791 2328 2857 proposita

140 2877 227 2928 vel
277 2876 333 2927 in
385 2876 504 2945 ipso
557 2879 813 2928 contextu
862 2895 926 2928 ex
967 2876 1134 2945 signis
1177 2875 1385 2927 delendi
1429 2875 1488 2945 []
1530 2876 1614 2927 vel
1654 2876 1880 2929 addendi
1919 2877 2003 2945 <>
2043 2880 2327 2947 conspicua

141 2964 339 3017 codicis
377 2965 436 3017 F
482 2968 584 3034 est,
641 2983 802 3034 quam
850 2965 944 3018 ubi
985 2968 1249 3018 corrector
1287 2983 1396 3016 non
1437 2965 1647 3017 additus
1699 2969 1780 3017 est
1830 2964 1954 3017 Itali
2004 2965 2059 3017 in
2109 2985 2325 3036 apogra-

140 3054 261 3122 phis
309 3057 666 3107 correxerunt.
760 3052 1021 3107 Italorum
1071 3055 1406 3106 coniecturae
1448 3053 1818 3123 scripturaque
1857 3055 2075 3125 vulgata
2113 3056 2206 3106 ubi
2247 3075 2324 3108 ce-

140 3142 355 3211 teroqui
397 3143 890 3196 commemorandae
930 3146 1082 3196 erant
1134 3144 1258 3195 item
1305 3162 1424 3195 raro
1479 3143 1717 3213 singulos
1760 3144 1966 3197 codices
2006 3144 2324 3211 notavimuS,

140 3231 232 3284 sed
271 3249 301 3284 v
327 3258 396 3274 =
422 3233 570 3300 vulgo
603 3232 903 3285 addidimus
936 3233 1023 3285 vel
1062 3249 1098 3284 e.
1133 3232 1199 3283 al.
1228 3257 1296 3273 =
1324 3249 1438 3284 eum
1478 3232 1602 3285 aliis
1641 3231 1928 3284 adicientes
1968 3232 2171 3284 nomini
2214 3250 2322 3283 cor-

138 3320 362 3372 rectoris
411 3320 834 3390 significavimus
888 3320 1029 3372 idem
1071 3319 1231 3372 etiam
1273 3319 1329 3372 in
1369 3319 1522 3371 libris
1564 3320 1878 3388 quibusdam
1923 3323 2141 3372 exstare.
2220 3319 2320 3372 Sed

137 3408 286 3477 parci
324 3408 526 3461 fuimus
568 3411 731 3461 etiam
770 3410 826 3461 in
867 3409 981 3462 eius
1013 3408 1161 3460 modi
1195 3407 1515 3460 coniecturis
1550 3408 1976 3476 correcturisque
2009 3407 2319 3460 exhibendis

137 3500 192 3549 et
231 3497 286 3549 in
327 3497 638 3551 criticorum
680 3497 1141 3551 emendationibus
1182 3496 1568 3549 exscribendis:
1608 3496 1700 3548 ubi
1742 3496 1793 3548 in
1837 3499 2094 3564 apparatu
2134 3498 2225 3547 aut
2263 3498 2319 3547 in

290 3705 333 3759 1)
364 3702 509 3748 Velut
539 3708 619 3759 43,
647 3707 700 3747 19
740 3703 823 3747 ille
853 3703 1037 3746 notavit
1067 3682 1262 3756 facta&
1294 3700 1377 3745 ubi
1408 3702 1584 3756 factum
1614 3701 1759 3744 habet
1790 3700 1971 3753 Laetus,
2011 3701 2182 3754 factam
2215 3712 2318 3741 cum

139 3776 306 3820 ceteris
339 3776 427 3831 1⁴⁷0,
459 3775 518 3820 al.

1906 3846 1960 3890 c*
