2600 4198
270 162 378 214 272
1121 161 1592 206 ADNOTATIONES

268 302 398 365 bigis
436 302 587 350 tutari
624 301 826 350 videtur.
884 301 1022 350 Unde
1053 300 1111 348 de
1150 301 1331 349 lacuna
1362 302 1667 363 coyitandum
1699 305 1811 361 erit,
1841 306 2132 364 praesertim
2164 319 2273 354 cum
2303 306 2447 370 signa.

268 385 405 444 apud
426 382 630 432 Accium
663 384 796 430 iuxta
829 382 991 431 sidera
1023 383 1230 430 extitisse
1259 386 1381 431 recte
1414 398 1469 431 επ
1491 385 1730 443 proximis
1763 386 2000 444 effecerint
2021 384 2150 442 Scal,
2175 387 2311 443 Mue,
2343 386 2445 444 abii,

270 480 307 514 e.
335 481 380 526 9.
413 465 541 528 bigis
574 460 754 528 <Luna
786 466 841 511 ut
872 463 1079 511 limbum
1110 479 1220 511 cum
1254 464 1407 527 signis
1441 460 1552 527 bis>
1583 465 1829 515 continuis
1863 481 1947 514 sex
1981 468 2125 529 cepit.

419 555 503 613 96,
534 555 613 601 15.
665 553 794 601 uade
834 569 920 614 per
949 553 1122 615 polum
1153 567 1261 601 cum
1294 553 1445 600 Laeto
1476 553 1666 601 Lachm
1696 556 1750 601 in
1779 554 1931 603 Lucr.
1954 571 2005 615 p.
2043 557 2173 603 143:
2215 570 2273 604 ac
2313 570 2447 612 sane,

269 638 312 683 si
348 636 465 683 duce
498 636 550 683 F
575 632 684 698 περὶ
714 632 869 682 πόλον
901 637 1173 696 corriqitur,
1206 636 1349 683 etiam
1380 634 1544 699 βάδιζε
1567 649 1663 694 pro
1695 635 1820 683 vade
1851 637 2104 684 desideres.

419 719 502 777 96,
531 716 613 763 18.
664 715 737 775 Cf.
774 716 982 763 Ribbeck
1012 717 1147 765 Mus.
1180 717 1331 764 Rhen.
1369 716 1507 763 XLI
1526 731 1577 775 p.
1615 718 1722 765 623
1754 718 1890 774 adn„
1921 720 2004 766 ubi
2027 722 2142 778 post
2171 719 2446 781 perurendo

267 800 497 846 lacunam
527 799 691 857 siynat
720 800 865 846 antea
897 799 1140 857 corriyens
1171 800 1319 860 atque
1353 798 1442 845 illa
1473 794 1696 862 (etiam)
1726 800 1826 847 scil.
1862 800 2017 862 signa.

418 882 502 939 97,
529 881 574 928 3.
608 880 742 927 uiam
757 883 871 939 post
893 879 1067 927 iubent
1083 880 1182 928 add
1197 879 1354 940 Sciop,
1363 884 1475 939 post
1493 880 1638 928 VIII
1653 880 1825 936 Christ,
1851 884 1961 929 ante
1985 883 2038 928 in
2056 875 2330 948 an(fracto)
2347 896 2448 930 nos.

418 964 501 1023 97,
530 963 573 1008 9.
635 960 708 1021 Cf.
749 961 931 1009 Schoell
962 961 1109 1011 Arch.
1145 962 1196 1009 X
1217 977 1269 1021 p.
1308 964 1414 1009 116
1453 965 1496 1010 et
1534 977 1656 1022 quae
1688 962 2028 1010 adnotavimus
2069 965 2123 1010 in
2154 964 2321 1011 Plauti
2352 964 2450 1012 edi-

266 1046 391 1092 tione
422 1044 604 1091 minore
637 1044 792 1090 altera
836 1042 1035 1103 (recepit
1064 1043 1291 1103 Lindsay
1322 1045 1375 1090 in
1407 1044 1476 1091 ed.
1514 1043 1714 1103 Oxou.),·
1758 1044 1824 1091 ad
1856 1044 1908 1091 ni
1938 1046 2174 1093 seclusum
2207 1068 2263 1081 =
2294 1047 2351 1093 ut
2390 1047 2448 1106 cf,

257 1142 311 1186 p.
348 1128 430 1181 60,
452 1127 483 1171 6
516 1118 592 1190 (in
617 1147 671 1160 =
697 1117 777 1190 ut)
812 1127 854 1172 et
876 1141 929 1184 p.
965 1124 1050 1180 95,
1073 1128 1138 1172 11
1174 1119 1255 1190 (ut
1279 1147 1334 1161 =
1359 1118 1436 1190 in)
1476 1127 1678 1186 itemque
1700 1141 1751 1185 p.
1776 1127 1902 1181 172,
1933 1129 2000 1173 19
2035 1130 2075 1174 et
2106 1129 2312 1187 fortasse
2341 1141 2452 1175 mox

259 1222 313 1266 p.
351 1208 433 1262 98,
459 1209 520 1262 2,·
556 1207 621 1254 ad
651 1208 708 1253 ut
740 1206 948 1254 Plautus
981 1208 1040 1266 cf.
1065 1221 1119 1265 p.
1155 1208 1240 1263 33,
1264 1208 1348 1254 23.

417 1297 500 1356 97,
531 1298 592 1342 11
615 1310 681 1354 sq.
728 1294 799 1355 Cf.
832 1295 991 1343 Neue·
1005 1296 1244 1355 Wayener
1275 1290 1654 1342 ‘Formenlehre’
1688 1295 1791 1342 III
1797 1289 1816 1320 3
1840 1311 1893 1355 p.
1928 1297 2049 1344 368.
2085 1324 2152 1329 —-
2191 1296 2263 1358 Cf.
2292 1298 2451 1346 Lach-

263 1392 416 1424 mann
448 1378 582 1435 apud
605 1377 964 1423 ZWIommsenum
987 1377 1123 1424 Illus.
1140 1376 1294 1424 Rhen.
1322 1380 1351 1423 t.
1382 1377 1523 1423 XVI
1530 1391 1583 1436 p.
1609 1376 1731 1424 285.
1778 1376 1996 1425 Ceterum
2021 1378 2259 1426 Deliadae
2291 1381 2452 1438 forma

260 1472 502 1518 perquam
530 1461 750 1518 suspecta
781 1473 930 1518 neque
961 1472 1195 1518 umquam
1225 1461 1280 1505 ut
1308 1458 1498 1506 videtur
1530 1458 1588 1505 de
1620 1458 1763 1506 Delio
1797 1458 2039 1520 Deliaque
2071 1463 2324 1520 usurpata.
2366 1460 2452 1508 Dii

269 1540 399 1601 quod
433 1539 627 1587 Titanis
661 1539 805 1587 Delia
849 1538 1021 1587 eadem
1064 1533 1162 1607 (vel
1205 1539 1377 1587 eadem
1410 1533 1577 1606 Delia)
1613 1540 1850 1588 Deliadae
1885 1542 2015 1589 Ellis
2046 1542 2075 1588 l.
2108 1556 2145 1589 s.
2178 1557 2215 1589 s.
2240 1558 2294 1602 p.
2330 1544 2451 1591 362.

417 1631 500 1690 97,
530 1631 611 1677 18.
652 1630 822 1690 itaque
855 1652 911 1665 =
945 1630 994 1675 et
1025 1629 1113 1685 ita,
1145 1632 1199 1676 ut
1219 1645 1272 1689 p.
1313 1629 1395 1685 54,
1423 1632 1467 1677 7.

417 1712 500 1771 97,
530 1713 609 1758 19.
655 1710 728 1769 Of.
766 1710 823 1759 G.
858 1711 1117 1758 Hermann
1156 1712 1209 1758 in
1242 1725 1311 1770 ep.
1346 1712 1411 1759 ad
1443 1712 1643 1759 Lobeck.
1674 1727 1726 1772 p.
1765 1714 1834 1759 90
1867 1711 1936 1759 ed.
1969 1713 2206 1760 Ludwich
2249 1716 2291 1760 et
2321 1714 2454 1773 apud

264 1792 464 1841 Lobeclc.
491 1794 542 1839 in
566 1790 802 1852 Agylaoph.
829 1792 901 1838 II
909 1807 963 1851 p.
988 1794 1090 1840 924
1119 1794 1261 1849 adn.;
1293 1808 1335 1840 v.
1362 1797 1460 1841 test.
1487 1797 1529 1840 et
1552 1794 1611 1852 cf.
1638 1795 1782 1841 etiam
1806 1791 1949 1841 Atlas
1973 1794 2158 1842 caelum
2183 1798 2453 1855 terramque

263 1876 505 1923 sustinens
551 1876 604 1922 in
649 1875 944 1934 imayinibus
983 1889 1015 1922 a
1053 1874 1203 1922 Paus.
1247 1875 1367 1930 VII,
1399 1875 1429 1922 5
1462 1879 1504 1922 et
1538 1877 1621 1931 18,
1649 1878 1679 1922 4
1728 1878 2105 1924 commemoratis
2152 1876 2233 1936 (de
2279 1877 2455 1937 quibus

265 1957 454 2004 dubitat
483 1956 870 2004 Preller—Robert
904 1952 1010 2004 ‘Gon
1038 1952 1213 2017 Myth?
1247 1956 1286 2003 I
1300 1971 1354 2016 p.
1392 1957 1498 2005 562
1529 1956 1682 2017 adn).
1727 1957 1946 2005 Ceterum
1976 1958 2198 2006 Rohdius
2227 1960 2282 2005 in
2316 1958 2455 2006 addi-

266 2040 472 2086 tamento
505 2039 570 2086 ad
614 2038 898 2098 opusculum
930 2037 987 2085 de
1018 2038 1229 2085 Pollucis
1270 2039 1483 2097 fontibus
1523 2038 1874 2098 adscripscrat:
1919 2036 2091 2087 ‘Mart
2128 2039 2245 2100 Cap.
2279 2040 2315 2086 I
2348 2041 2455 2087 137

263 2119 368 2167 und
390 2118 562 2167 Athen.
591 2120 731 2167 XIV
753 2122 784 2166 6
788 2120 924 2166 36E
944 2119 1246 2180 Pythayoras
1280 2119 1533 2178 Verfasser
1566 2122 1695 2167 einer
1718 2120 1967 2167 Erdkarte
1998 2122 2101 2168 und
2138 2120 2453 2180 Geoyraphie,

265 2203 353 2249 mit
383 2202 491 2249 dem
522 2201 710 2249 Lobeck
740 2202 892 2248 nichts
923 2216 986 2248 zu
1015 2202 1215 2248 macheu
1246 2197 1405 2261 weiss'.

417 2292 500 2350 98,
529 2293 573 2338 2.
624 2289 806 2338 Sensus
838 2292 927 2337 est:
960 2293 1116 2338 terrac
1146 2290 1359 2338 medium
1390 2304 1488 2337 non
1519 2291 1710 2351 Delphi,
1742 2292 1826 2338 sed
1858 2292 1984 2351 quod
2016 2293 2084 2339 ita
2116 2295 2303 2347 vocant,
2339 2291 2454 2340 Del-

256 2374 374 2432 phis
421 2376 487 2419 est
530 2373 584 2418 in
630 2373 746 2419 aede
793 2372 859 2419 ad
896 2372 1026 2419 latus
1059 2386 1091 2419 e.
1128 2387 1167 2431 q.
1201 2386 1238 2419 s.
1298 2370 1516 2420 Ceterum
1555 2374 1615 2433 ef.
1655 2371 1940 2421 Studne'teka
1974 2373 2142 2421 Herm.
2180 2373 2457 2422 XXXVII

266 2469 310 2502 a.
350 2455 492 2502 1902
514 2468 568 2512 p.
600 2453 723 2502 259.
756 2454 880 2502 263.

419 2544 501 2603 98,
529 2544 574 2589 4.
630 2545 896 2604 arquatum
933 2556 1029 2602 pro
1064 2542 1245 2590 allatus
1280 2546 1323 2590 et
1359 2557 1469 2591 mox
1509 2543 1757 2590 tumulum
1787 2543 1978 2591 Lobeek
2008 2543 2265 2604 Alylaoph.
2299 2544 2371 2590 II
2400 2559 2453 2604 p.

270 2627 414 2672 1002
428 2639 524 2685 sqq.
585 2624 804 2672 Ceterum
834 2625 950 2672 haec
981 2639 1164 2685 quoque
1198 2624 1435 2672 Varronis
1465 2625 1611 2672 verba
1642 2627 1874 2685 respicere
1896 2627 2057 2685 potuit
2087 2625 2147 2673 R.
2174 2625 2364 2685 Hei-209
2395 2627 2454 2674 in

268 2708 334 2755 eis
365 2721 489 2767 quae
518 2720 676 2766 nuper
699 2706 829 2754 docte
852 2709 1066 2765 recteque
1088 2709 1199 2766 post
1223 2706 1347 2754 alios
1370 2708 1588 2766 exposuit
1605 2702 1768 2755 ‘Arcti
1787 2708 1820 2766 f.
1840 2702 2166 2767 Reliqionsu·.'
2191 2707 2243 2754 X
2260 2706 2454 2767 (1907)

255 2804 309 2848 p.
341 2789 452 2836 205
467 2803 564 2849 sqq.
622 2787 716 2848 Qui
753 2802 877 2848 quae
915 2790 1177 2848 composuit
1214 2788 1271 2836 de
1308 2789 1646 2836 thesaurorum
1690 2790 1745 2836 in
1786 2787 2069 2848 Aesculapii
2116 2789 2304 2849 templis
2341 2789 2454 2844 situ,

257 2870 410 2930 plane
440 2871 732 2929 confirmant
763 2868 827 2916 ad
857 2869 989 2917 latus
1020 2871 1326 2928 scripturam.
1373 2868 1449 2929 G'f.
1475 2871 1619 2917 etiam
1643 2869 1810 2917 Rohde
1844 2865 2060 2931 ‘Psyche’
2094 2870 2132 2916 I
2139 2862 2158 2894 ²
2180 2885 2233 2930 p.
2265 2871 2385 2925 123,
2403 2870 2451 2918 2.

419 2960 502 3019 98,
531 2960 611 3006 13.
651 2958 772 3028 quid
802 2956 1012 3006 dedere?
1044 2958 1334 3006 Lachmann
1347 2975 1364 3015 ,·
1394 2961 1481 3006 aut
1509 2960 1580 3006 sic
1610 2961 1698 3006 aut
1729 2956 1882 3020 quid?
1924 2957 2098 3005 dedere
2131 2958 2262 3006 Ellis
2293 2958 2323 3005 l.
2348 2972 2385 3007 s.
2411 2971 2449 3006 8.

267 3042 326 3088 de
358 3055 563 3101 ecquam
595 3040 767 3103 fugam
799 3041 1013 3100 coyitans
1046 3033 1190 3105 (quid
1222 3039 1414 3099 dedere,
1445 3055 1593 3101 quam
1627 3038 1799 3086 tubam
1834 3033 2365 3106 Vahlen-dubitanter).

419 3123 503 3182 98,
532 3122 612 3169 18.
652 3120 901 3183 Pipleides
931 3123 1263 3178 servavimus;
1294 3123 1352 3181 cf.
1387 3121 1590 3182 Hesych.
1623 3135 1661 3168 s.
1693 3136 1736 3168 v.
1770 3124 1814 3169 et
1844 3122 2060 3181 eoeempla
2092 3136 2217 3182 quae
2249 3122 2315 3170 ad
2350 3120 2455 3170 Cat.

275 3202 316 3252 G
327 3204 369 3249 V
400 3206 429 3251 1
463 3204 713 3251 adnotavit
743 3202 999 3251 Friedrich
1029 3204 1083 3250 in
1119 3201 1221 3250 Cat.
1255 3216 1418 3252 comm.

420 3286 504 3346 99,
522 3285 566 3332 2.
600 3282 794 3332 collidit
805 3285 928 3331 Mue
946 3298 1000 3331 ex
1018 3283 1150 3331 codd.
1164 3284 1253 3332 det.
1285 3300 1436 3346 quam
1459 3283 1616 3333 cludit
1626 3283 1708 3344 Sp.
1748 3283 1821 3344 Of.
1834 3284 2043 3345 Madvig]
2053 3284 2317 3345 Adv.IIp.
2337 3287 2404 3333 17
2409 3286 2456 3333 3.

424 3369 507 3426 99,
533 3366 578 3413 8.
627 3365 701 3425 Of.
738 3365 936 3422 Vahlen,
959 3358 1119 3413 Emi.2
1140 3367 1302 3426 praef.
1326 3381 1380 3426 p.
1409 3365 1698 3414 XXXVII.

422 3449 505 3507 99,
534 3449 616 3495 11.
661 3447 735 3507 Of.
762 3448 865 3496 Leo
900 3442 965 3495 (ά.
996 3450 1086 3495 sat.
1121 3443 1258 3495 Vers'
1293 3445 1487 3507 (1905)
1511 3462 1566 3507 p.
1603 3449 1669 3495 61
1702 3447 1816 3496 adn.

423 3531 543 3590 100,
572 3531 615 3577 1.
671 3530 786 3577 Post
833 3530 1042 3591 apparet
1088 3528 1167 3589 (ut
1198 3527 1268 3588 F)
1316 3529 1414 3577 dist
1447 3527 1609 3577 Canai
1659 3533 1703 3577 et
1738 3529 1916 3590 Bergk.
1974 3528 2048 3589 Cf.
2080 3529 2244 3589 Beryk
2287 3527 2458 3578 Philet.

274 3611 536 3660 XXXIII
554 3626 606 3671 p.
634 3612 741 3659 311
777 3614 820 3659 et
848 3611 1059 3659 Ribbeck
1093 3609 1266 3659 Gorozl.
1299 3623 1416 3658 com.
1439 3625 1492 3670 p.
1522 3608 1759 3658 CXXXI
1788 3614 1829 3658 et
1858 3612 2036 3670 fraym.
2061 3603 2144 3658 tr.⁸
2169 3625 2220 3670 p.
2246 3611 2368 3658 311.
2413 3628 2416 3630 ·

422 3694 544 3754 100,
563 3693 609 3740 5.
649 3692 723 3753 Of.
746 3707 976 3753 yraecum
990 3692 1305 3758 proverbium
1318 3692 1405 3740 hoc
1421 3689 1589 3752 (Grey.
1612 3690 1756 3752 prr.
1778 3694 1825 3748 1,
1839 3693 1938 3750 73,·
1953 3691 2178 3740 Eustath.
2203 3689 2461 3751 980,44).·

259 3770 431 3833 ’Ἀθως
454 3772 633 3832 σκιάζει
655 3781 787 3827 νῶτα
810 3772 1047 3837 Λημνίας
1070 3771 1201 3838 βοός,
1224 3773 1356 3822 unde
1384 3776 1505 3822 nata
1534 3773 1684 3822 nimis
1712 3774 1900 3823 incerta
1923 3772 2156 3822 Muelleri
2186 3772 2459 3822 coniectura
