2600 4198
986 142 1405 188 PROLEGOMEN
1406 145 1448 187 A
2176 149 2346 193 XLVII

154 280 338 349 Atque
371 281 587 333 octavi
624 279 795 347 libri,
828 297 934 348 quo
975 282 1199 332 contra
1238 280 1602 349 analogiam
1638 281 1956 351 disputatur,
1988 282 2159 350 prima
2190 288 2341 352 parte

156 367 390 441 (1—24)
440 371 703 421 tractatus
744 368 1052 420 continetur
1092 388 1122 420 a
1158 369 1378 435 reliquis
1426 386 1534 420 non
1574 388 1680 421 una
1719 388 1776 422 re
1817 370 2144 439 discrepans,
2185 390 2341 440 quem

157 476 222 510 ex
251 460 430 510 mente
471 457 802 527 analogistae
842 457 1025 525 potius
1060 475 1220 525 quam
1262 457 1550 509 adversarii
1584 457 1862 528 analogiae
1892 460 2194 528 profectum
2230 479 2343 514 esse

157 550 211 600 et
273 547 366 599 alii
420 546 669 598 viderunt
731 549 785 597 et
837 545 1232 599 Roehrscheidt
1293 546 1349 597 in
1404 563 1624 597 censura
1684 545 1811 598 libri
1866 547 2344 601 Reitzensteiniani

157 634 350 706 (Gesta
378 633 487 687 Gel.
511 634 664 687 Anz.'
701 632 868 705 1908)
901 653 951 703 p.
989 634 1092 686 797
1114 653 1229 703 sqq.
1270 634 1542 687 luculente
1583 636 1831 688 ostendit.
1892 636 2163 689 Nimirum
2203 638 2340 691 hanc

155 725 413 794 isagogen
461 741 570 775 non
623 723 798 776 octavi
847 722 972 775 libri
1026 741 1157 791 esse,
1209 723 1299 775 sed
1350 723 1516 775 totius
1570 723 1632 774 de
1685 724 1934 794 analogia
1973 729 2025 777 et
2075 727 2341 778 anomalia

156 813 537 881 disputationis
578 813 683 864 iam
714 811 940 864 Mueller
978 812 1147 880 probe
1186 812 1473 880 perspexit.
1537 810 1682 873 Quae
1724 816 1910 866 octavo
1950 814 2087 866 libro
2129 815 2341 867 demon-

157 902 315 955 strari
363 903 606 954 voluerat
646 900 837 969 VarrO,
891 918 1073 953 eorum
1125 900 1341 952 initium
1383 919 1412 951 a
1450 901 1788 970 paragrapho
1830 901 1899 954 25
1951 903 2095 955 fecit.
2172 903 2343 957 Docet

160 993 337 1043 autem
379 1008 488 1042 cur
528 994 581 1042 et
620 991 684 1041 in
723 1008 845 1058 quo
885 991 1079 1042 verba
1120 990 1446 1041 declinata
1486 990 1638 1058 sint3
1678 990 1866 1041 deinde
1900 991 1963 1044 de
2003 993 2209 1060 ipsius
2243 993 2340 1045 de-

156 1079 537 1132 clinationis
586 1079 932 1150 generibus
981 1079 1247 1146 duobuS,
1294 1079 1665 1131 voluntario
1707 1082 1765 1131 et
1813 1082 2117 1149 naturali,
2156 1083 2340 1150 paucis

159 1169 412 1238 disputat.
475 1167 611 1220 Tum
644 1168 840 1221 transit
873 1168 938 1219 ad
981 1187 1040 1219 ea
1082 1186 1240 1235 quae
1281 1171 1506 1220 contra
1547 1168 1907 1238 analogiam
1950 1169 2053 1221 dici
2093 1174 2342 1239 possunt3

157 1260 209 1309 et
241 1258 418 1326 priore
451 1257 662 1326 quidem
699 1260 850 1326 parte
885 1257 1014 1309 dicit
1047 1260 1233 1309 contra
1264 1257 1627 1309 universam
1662 1257 2023 1327 analogiam
2058 1257 2342 1330 (25—43),

158 1347 326 1398 altera
362 1347 424 1398 de
466 1346 744 1416 singulis
783 1346 1082 1414 partibus
1123 1344 1407 1416 (44—84).
1473 1343 1672 1398 Contra
1703 1346 2005 1398 universam
2040 1348 2341 1418 analogiam

160 1453 294 1503 quae
334 1435 584 1487 dicuntur
623 1438 716 1487 aut
767 1454 832 1487 ex
883 1434 1177 1487 utilitate
1224 1436 1512 1504 repetenda
1553 1439 1691 1504 sunt,
1733 1454 1866 1504 quae
1907 1437 2341 1504 aequabilitatem

158 1524 378 1575 minime
419 1524 680 1576 desideret
714 1522 1003 1596 (26—30),
1045 1528 1136 1576 aut
1175 1543 1240 1576 ex
1280 1525 1625 1593 elegantia,
1666 1525 1747 1575 cui
1788 1525 1869 1576 ve]
1914 1526 2086 1595 magis
2127 1544 2342 1595 respon-

160 1614 280 1664 deat
327 1613 683 1681 inaequalitas
725 1611 834 1684 (31.
877 1611 996 1681 32),
1037 1616 1129 1664 aut
1171 1631 1233 1664 ex
1274 1613 1762 1681 consuetudine,
1804 1632 1938 1681 quae
1980 1634 2101 1667 cum
2141 1618 2341 1684 regnet,

158 1701 405 1770 analogia
443 1719 552 1753 non
593 1719 726 1769 opus
761 1720 872 1753 esse
907 1700 1043 1772 (33),
1082 1707 1174 1753 aut
1215 1721 1278 1753 ex
1319 1702 1667 1769 contrario,
1709 1702 1851 1769 quod
1892 1703 2051 1755 etiam
2094 1723 2158 1755 ex
2190 1705 2341 1756 dissi-

156 1790 374 1842 milibus
416 1808 572 1858 saepe
612 1790 793 1842 eadem
834 1791 968 1842 fiant
1008 1789 1293 1862 (34—36),
1333 1794 1426 1842 aut
1468 1809 1531 1842 ex
1571 1808 1632 1842 eo
1667 1791 1824 1859 quod,
1866 1811 1999 1843 cum
2042 1793 2340 1862 analogia

156 1897 280 1930 non
320 1879 405 1931 sit
443 1879 703 1947 ubique,
744 1880 1000 1931 omnino
1033 1897 1157 1931 non
1198 1880 1282 1931 sit
1314 1878 1425 1950 (37.
1460 1878 1571 1950 38),
1604 1883 1696 1931 aut
1730 1879 1955 1948 denique
1990 1900 2053 1932 ex
2087 1900 2148 1933 eo
2183 1883 2340 1951 quod,

158 1985 293 2036 quae
344 1968 686 2037 proferantur
726 1968 789 2020 de
842 1968 1194 2020 similitudine
1235 1988 1265 2020 a
1305 1969 1691 2037 defensoribus,
1742 1969 1846 2037 ipsi
1894 1970 2147 2022 notioni
2198 1990 2341 2023 ana-

156 2057 370 2126 logiae
409 2076 630 2126 parum
669 2058 1101 2126 respondeant
1134 2055 1419 2129 (39—43).
1499 2057 1651 2120 Quod
1692 2059 1757 2110 ad
1798 2059 2086 2128 singulas
2126 2064 2339 2128 partes

158 2147 417 2198 orationis
452 2146 660 2216 attinet,
700 2147 935 2216 primum
974 2147 1211 2216 disputat
1242 2146 1415 2199 Varro
1458 2148 1521 2199 de
1561 2148 1774 2200 verbis
1815 2148 2188 2217 appellandi
2227 2151 2341 2201 uni-

158 2253 307 2287 verse
340 2233 626 2307 (44—49),
661 2235 784 2289 dein
816 2237 880 2287 de
921 2236 1222 2306 singulis,
1264 2236 1468 2290 scilicet
1502 2236 1564 2288 de
1596 2237 2052 2305 provocabulis
2087 2236 2195 2309 (50.
2231 2238 2340 2308 51),

157 2325 221 2376 de
252 2325 584 2378 vocabulis
627 2323 911 2396 (52—79)‚
953 2326 1015 2377 de
1055 2326 1424 2379 nominibus
1466 2324 1750 2396 (So—84).
1815 2325 2015 2395 Cetera,
2050 2327 2113 2379 de
2145 2327 2339 2395 quibus

157 2413 220 2466 cf.
253 2413 615 2467 Reitzenstein
654 2434 704 2483 p.
739 2413 826 2482 50,
866 2418 1077 2482 praeter
1114 2433 1287 2483 pauca
1326 2415 1641 2484 fragmenta,
1682 2433 1817 2483 quae
1851 2414 2053 2468 Gellius
2096 2417 2339 2483 servavit,

157 2502 348 2554 lacuna
381 2502 626 2554 abstulit:
662 2502 920 2572 agebatur
953 2503 1015 2555 de
1047 2503 1263 2557 verbis
1298 2504 1571 2572 dicendi,
1604 2503 1654 2555 h.
1690 2521 1729 2555 e.
1765 2523 1899 2572 quae
1930 2504 2147 2573 proprie
2179 2504 2340 2556 verba

159 2593 513 2659 appellamUS,
560 2590 868 2662 iungendi
916 2595 977 2644 ut
1023 2610 1118 2659 que
1158 2590 1300 2663 (44),
1338 2593 1389 2644 h.
1425 2611 1463 2644 e.
1507 2593 1571 2644 de
1613 2593 2096 2661 coniunctionibUS,
2147 2593 2341 2645 admi-

157 2679 490 2732 niculandi
529 2683 590 2732 ut
629 2681 767 2733 docte
805 2685 858 2733 et
897 2682 1167 2751 commode,
1205 2681 1254 2732 h.
1290 2700 1329 2733 e.
1372 2682 1435 2733 de
1476 2682 1753 2734 adverbiis.

310 2768 572 2821 Octavum
611 2769 810 2822 librum
851 2774 1064 2838 praeter
1093 2771 1300 2839 priores
1340 2770 1704 2841 paragraphos
1743 2771 1921 2822 1—24
1961 2771 2239 2823 eiusdem
2280 2774 2340 2822 et

159 2859 411 2928 generis
464 2877 600 2911 esse
652 2862 711 2910 et
761 2860 985 2927 fontiS,
1039 2859 1242 2912 scilicet
1292 2860 1358 2911 ab
1399 2859 1555 2912 Aelio
1598 2859 1804 2912 Stilone
1857 2879 1969 2913 esse
2019 2860 2340 2928 transcripta

162 2950 369 3000 tantum
402 2965 510 2999 non
545 2949 737 3015 omnia,
768 2947 1131 3002 Reitzenstein
1163 2968 1214 3019 p.
1241 2948 1303 3001 51
1330 2967 1442 3017 sqq.
1476 2950 1646 3001 fusius
1678 2949 1907 3018 probare
1941 2948 2158 3001 studuit.
2200 2947 2338 3010 Quid

160 3036 303 3104 quod
342 3036 511 3106 ipsius
552 3035 693 3088 Aelii
732 3055 928 3089 nomen
968 3038 1016 3090 ei
1056 3037 1302 3090 relictum
1344 3056 1456 3091 esse
1496 3039 1708 3090 videtur
1746 3039 1802 3090 in
1841 3038 2017 3090 verbis
2056 3038 2164 3091 illis
2205 3055 2338 3105 quae

158 3127 368 3177 exstant
418 3125 755 3195 paragrapho
797 3126 863 3177 81
916 3124 1124 3196 (quodsi
1162 3127 1245 3178 M.
1271 3125 1550 3193 Perpenna
1595 3128 1745 3179 virile
1784 3131 1855 3180 est
1892 3144 2075 3179 nomen
2123 3132 2167 3178 et
2213 3144 2339 3179 ana-

159 3214 296 3281 loyia
325 3215 598 3283 sequenda,
622 3214 683 3266 L.
701 3213 860 3268 Aelia
891 3220 939 3268 et
965 3216 1018 3281 Q.
1039 3215 1229 3268 Mucia
1258 3216 1441 3268 virilia
1472 3217 1690 3269 nomina
1721 3233 1825 3269 esse
1857 3212 2143 3284 debebunt)l
2185 3214 2339 3277 Quod

159 3305 532 3373 argumentum
573 3303 747 3356 debile
798 3321 911 3357 esse
960 3322 1060 3357 nec
1099 3303 1573 3357 Reitzensteinium
1626 3305 1769 3373 fugit
1821 3308 1872 3357 et
1914 3303 2079 3356 Goetz
2130 3303 2339 3356 monuit

157 3394 220 3444 ut
269 3391 326 3443 in
365 3409 587 3445 censura
635 3393 714 3444 ita
750 3392 784 3445 l.
819 3411 855 3446 s.
891 3411 951 3461 s.,
1004 3393 1132 3445 item
1171 3393 1561 3446 Roehrscheidt
1599 3413 1648 3462 p.
1683 3394 1806 3462 810,
1848 3394 1942 3461 qui
1981 3392 2166 3445 eodem
2217 3393 2336 3443 loco

158 3480 342 3532 attulit
374 3483 559 3534 contra
589 3481 1066 3535 Reitzensteinium
1097 3500 1210 3534 rem
1250 3483 1620 3552 gravissimam
1653 3500 1717 3533 ex
1748 3481 1875 3533 libri
1916 3482 2091 3534 octavi
2129 3480 2337 3532 ratione

157 3569 451 3638 repetitam.
530 3567 685 3622 Vidit
732 3570 873 3623 enim
921 3574 1357 3641 argumentorum
1406 3571 1600 3639 quibus
1648 3571 1820 3622 utitur
1858 3569 2030 3621 Varro
2082 3569 2337 3621 maiorem

159 3657 375 3726 quidem
405 3661 612 3727 partem
646 3677 710 3711 ex
748 3659 886 3712 libro
920 3659 1212 3713 defensoris
1246 3659 1522 3713 cuiusdam
1556 3658 1851 3711 anomaliae
1884 3677 1997 3710 esse
2030 3658 2336 3724 derivatam,

158 3748 417 3799 nonnulla
467 3750 645 3800 autem
695 3748 762 3800 ab
814 3747 1113 3819 analogista
1162 3767 1276 3801 esse
1328 3752 1542 3817 sumpta
1593 3747 1908 3800 sententiam
1953 3764 2101 3800 suam
2141 3746 2206 3797 ab
2248 3744 2336 3796 ad-
