2600 4198
244 193 285 237 X
1100 188 1561 237 PROLEGOMENA

240 348 306 382 ex
346 328 794 398 AntiquitatibuS,
833 347 898 380 ex
938 327 1130 397 quibus
1162 326 1335 379 Varro
1375 327 1431 380 in
1471 326 1629 379 rebus
1669 328 2032 397 grammaticis
2063 328 2259 398 hausit,
2297 347 2424 398 pen-

242 418 367 471 dere
406 418 566 470 etiam
600 415 864 485 Verrium,
904 416 1055 468 cuius
1087 415 1396 484 ceteroquin
1428 415 1664 468 rationes
1695 434 1913 485 prorsus
1947 416 2184 471 diversae
2221 417 2424 471 fuerint

241 525 276 559 a
299 506 668 574 VarronianiS,
706 505 843 557 infra
884 504 1180 558 accuratius
1223 503 1515 556 docebitur.
1577 503 1930 557 Remmium
1964 505 2424 575 Palaemonem,

240 595 620 665 grammaticae
651 593 849 647 latinae
880 611 1020 645 nova
1051 592 1260 645 ratione
1293 592 1599 645 tractandae
1630 593 1946 662 principem,
1986 594 2086 646 etsi
2126 598 2269 646 certa
2291 593 2425 647 Var-

243 684 390 737 ronis
429 683 656 752 vestigia
707 682 764 734 in
814 681 1126 752 fragmentis
1168 680 1527 733 desideramus
1567 711 1640 718 —
1678 700 1804 733 nam
1854 684 2109 735 terminos
2160 701 2425 753 gramma-

241 773 378 825 ticos
394 771 436 844 ¹)
478 772 674 841 quibus
713 789 833 823 611111
885 771 979 823 illo
1020 770 1285 823 consentit
1324 773 1506 821 utrum
1545 769 1719 822 Varro
1760 770 2141 839 excogitaverit
2192 789 2260 823 an
2306 789 2425 839 pro-

246 861 526 931 pagaverit
575 878 703 912 usus
756 859 956 911 dudum
1008 857 1239 910 inventis
1292 875 1448 928 aegre
1496 858 1692 910 dixeris
1734 890 1802 895 —
1850 857 1963 910 eius
2013 858 2182 911 libros
2230 858 2425 929 legisse

239 952 659 1003 consentaneum
691 951 793 1001 est:
837 948 904 1000 ad
943 947 1086 1016 ipsos
1128 965 1196 999 an
1235 946 1340 999 alio
1372 946 1675 1015 pertineant
1710 945 1953 1000 Suetonii
1986 944 2059 1017 (p.
2085 945 2217 1018 217)
2249 947 2427 1016 verba,

243 1038 440 1108 quibus
491 1037 642 1091 illum
694 1054 915 1106 porcum
966 1038 1262 1105 appellasse
1315 1035 1565 1088 docemur
1612 1067 1683 1072 —
1733 1054 1837 1104 quo
1890 1034 2127 1104 epitheto
2179 1034 2426 1105 inprimis

246 1127 457 1180 dicendi
504 1145 669 1196 genus
718 1125 1047 1178 salebrosum
1086 1125 1262 1178 notari
1308 1123 1603 1193 probabilis
1642 1122 1882 1177 Nordeni
1934 1121 2181 1195 (Antike
2228 1123 2426 1177 Kunst-

247 1216 424 1285 prosa'
449 1235 498 1284 p.
522 1214 649 1284 195)
680 1215 984 1268 coniectura
1017 1217 1098 1266 est
1122 1245 1194 1251 —-
1219 1213 1482 1267 incertum
1507 1213 1731 1265 videtur.
1786 1212 2034 1265 Fortasse
2067 1230 2202 1281 quae
2235 1211 2427 1274 Quin-

245 1305 520 1357 tilianus
566 1322 675 1356 non
723 1305 836 1356 81116
883 1303 1129 1355 irrisione
1183 1302 1245 1354 de
1294 1301 1636 1372 etymologiis
1675 1300 1936 1354 Varronis
1984 1301 2040 1353 in
2077 1302 2110 1353 l.
2135 1300 2187 1354 V
2225 1301 2431 1370 profert

247 1396 371 1446 inst.
412 1411 484 1445 or.
518 1392 544 1445 I
570 1393 689 1461 6,37
733 1391 823 1463 (cf.
863 1395 982 1444 test.
1023 1392 1091 1444 ad
1135 1388 1295 1462 126),
1334 1394 1395 1443 ut
1435 1392 1538 1443 alia
1575 1390 1637 1442 de
1670 1390 1865 1459 quibus
1900 1389 2099 1441 dudum
2132 1393 2342 1442 constat
2374 1390 2430 1442 in

244 1483 433 1535 eodem
466 1481 621 1550 libro,
653 1482 721 1533 ad
744 1480 1050 1533 Remmium
1076 1480 1451 1533 Palaemonem
1483 1480 1798 1550 magistrum
1830 1479 2074 1531 redeunt:
2108 1497 2430 1547 quamquam

248 1571 482 1642 Spengel
521 1571 578 1623 in
617 1571 1066 1623 commentatione
1105 1570 1199 1622 illa
1237 1587 1364 1621 mox
1406 1570 1614 1637 saepius
1656 1568 1955 1620 adhibenda
1992 1588 2042 1636 p.
2075 1567 2183 1619 469
2225 1565 2433 1629 Quinti-

248 1660 450 1713 lianum
478 1660 652 1729 ipsum
678 1659 871 1730 legisse
896 1657 1193 1711 Varronem
1219 1658 1474 1710 sumebat.
1541 1656 1685 1720 Quae
1716 1656 1754 1709 C
1771 1656 2072 1709 olumella
2111 1656 2276 1708 tradit
2299 1655 2430 1708 Var-

246 1750 483 1813 roniana,
524 1749 590 1799 ad
629 1747 996 1816 Antiquitates
1036 1747 1312 1799 referenda
1351 1747 1644 1815 eodemque
1684 1746 1983 1815 Dionysii
2015 1745 2432 1797 Halicarnas-

248 1837 457 1892 sensis
506 1840 555 1889 et
607 1834 942 1889 Plutarchi
974 1836 1203 1905 vestigia
1245 1838 1384 1887 certe
1423 1835 1625 1887 maiore
1666 1854 1730 1886 ex
1768 1837 1920 1904 parte
1959 1834 2255 1886 revocanda
2293 1836 2429 1886 sunt.

248 1927 544 1980 Valerius
582 1925 828 1978 Probus
870 1925 1137 1992 quomodo
1179 1924 1438 1977 Varronis
1477 1924 1632 1976 libris
1673 1942 1801 1975 usus
1842 1924 1911 1976 sit
1949 1924 2237 1992 nescimus3
2291 1923 2431 1975 idem

247 2017 357 2070 fere
391 2016 453 2068 de
486 2015 703 2067 Plinio
738 2014 1041 2066 dicendum:
1075 2032 1398 2082 quamquam
1430 2013 1739 2065 testimonia
1770 2012 2026 2081 quaedam
2063 2011 2434 2082 grammatico-

248 2125 369 2157 rum
409 2104 766 2173 posteriorum
808 2106 901 2155 aut
940 2102 1006 2154 ad
1038 2102 1273 2155 Plinium
1314 2105 1406 2154 aut
1438 2102 1504 2154 ad
1536 2101 1773 2154 Probum
1807 2104 2079 2153 auctorem
2118 2101 2433 2169 primarium

247 2213 357 2247 non
395 2197 592 2246 temere
630 2193 1035 2245 revocabuntur.
1109 2190 1350 2244 Certiora
1389 2191 1616 2261 vestigia
1654 2190 1796 2260 apud
1831 2189 2106 2243 Gellium
2147 2189 2433 2258 deprehen-

249 2283 470 2350 duntur,
526 2283 618 2351 qui
665 2282 795 2350 quin
848 2282 992 2350 ipsos
1026 2280 1284 2332 Varronis
1323 2279 1489 2333 libros
1530 2279 1788 2332 evolverit
1826 2298 1935 2332 non
1974 2284 2057 2331 est
2096 2297 2188 2331 cur
2227 2278 2434 2331 dubite-

250 2390 393 2424 mus:
451 2373 610 2439 atque
665 2370 987 2422 lectionibus
1033 2368 1286 2422 Gellianis
1340 2387 1449 2421 non
1498 2367 1661 2420 semel
1707 2369 1761 2420 in
1811 2367 2135 2438 castigandis
2175 2366 2434 2419 Varronis

251 2460 428 2513 verbis
467 2460 551 2512 usi
584 2478 767 2512 sumus
801 2458 889 2530 (cf.
925 2459 1009 2528 78,
1053 2459 1214 2527 lsqq.
1249 2458 1487 2527 190‚29;
1528 2456 1630 2528 al.)
1711 2455 2123 2508 Grammatici
2163 2459 2214 2507 et
2255 2455 2436 2508 scho-

252 2550 484 2602 liastae
525 2548 722 2601 saeculi
763 2548 956 2617 quarti,
995 2547 1125 2600 item
1165 2546 1340 2615 quinti
1379 2565 1442 2597 ex
1479 2545 1874 2614 antiquioribus
1906 2543 2147 2601 fontibus
2181 2544 2435 2612 pendent:

250 2638 344 2691 sed
391 2657 455 2690 ex
500 2637 618 2706 ipso
659 2637 900 2689 Varrone
945 2637 1148 2705 hausit,
1204 2654 1310 2704 quo
1358 2636 1529 2687 maius
1577 2635 1936 2704 fragmentum
1986 2633 2217 2684 servavit
2264 2650 2438 2701 nemo,

252 2726 625 2780 Priscianus
658 2724 731 2797 (p.
766 2725 852 2795 52,
885 2725 917 2777 2
945 2743 1058 2794 sqq.
1085 2751 1155 2767 =
1183 2722 1295 2776 GL.
1327 2722 1410 2776 III
1439 2721 1573 2794 410)
1606 2723 1692 2775 vel
1724 2722 1837 2774 eius
1871 2724 2076 2774 auctor:
2109 2722 2258 2774 cuius
2290 2720 2437 2774 testi-

254 2815 436 2868 mom‘o
469 2814 770 2868 Florentini
808 2814 1007 2868 codicis
1040 2831 1244 2866 errores
1279 2813 1490 2881 saepius
1521 2814 1814 2882 potuerunt
1845 2810 2040 2879 corrigi
2075 2808 2144 2879 (v.
2167 2828 2218 2878 p.
2242 2806 2438 2865 XXIII..

253 2903 436 2957 XXIV
460 2903 583 2974 bis).
646 2903 958 2972 IsidoruS,
1000 2903 1092 2971 qui
1132 2901 1189 2954 in
1220 2901 1584 2972 Etymologiis
1623 2899 1755 2953 10618
1787 2918 1895 2951 11011
1927 2900 2001 2951 ita
2032 2898 2218 2968 paucis
2242 2897 2438 2951 Varro-

252 3012 376 3045 nem
417 2994 817 3060 commemorat,
856 2990 1109 3060 pleraque
1148 3010 1213 3042 ex
1254 2989 1427 3043 Servii
1467 2989 1851 3042 commentario
1890 2987 2242 3055 transcripsit,
2281 3004 2342 3039 ac
2371 3004 2438 3039 116

253 3083 330 3135 618
372 3081 588 3151 quidem
626 3080 776 3148 locis,
816 3097 1045 3149 quorum
1086 3080 1208 3132 fons
1248 3078 1395 3148 latet,
1434 3081 1607 3132 ullum
1646 3097 1710 3132 ex
1751 3078 1867 3148 ipso
1906 3075 2149 3129 Varrone
2186 3075 2439 3128 haustum

254 3189 370 3225 esse
416 3170 696 3239 probabile
741 3172 1008 3237 putamus,
1099 3167 1255 3231 Quod
1294 3168 1566 3238 Hauptius
1615 3166 1868 3239 (Hermae
1907 3169 1942 3218 t.
1975 3164 2001 3217 I
2040 3185 2091 3234 p.
2123 3162 2220 3236 44)
2275 3163 2439 3216 Rha-

257 3260 485 3313 banum
539 3259 604 3311 de
655 3259 908 3327 computo
965 3275 1005 3309 c.
1039 3257 1073 3309 3
1113 3255 1410 3309 Varronem
1457 3256 1651 3326 legisse
1698 3255 1949 3324 opinatus
1998 3257 2101 3320 est,
2155 3253 2208 3305 id
2247 3251 2439 3305 falsum

255 3366 387 3415 esse,
425 3350 613 3417 utpote
652 3365 788 3415 quae
827 3346 989 3399 verba
1027 3345 1300 3398 Prisciano
1339 3344 1604 3398 reddenda
1644 3343 1765 3411 sint,
1786 3342 2040 3414 ‚Spengel
2077 3338 2263 3411 praef.²³
2301 3359 2353 3409 p.
2385 3338 2439 3392 II

255 3437 374 3490 adn.
420 3438 563 3490 recte
616 3435 840 3488 monuit.
935 3432 1258 3487 Osbernus
1314 3451 1450 3502 quae
1497 3433 1670 3485 adfert
1714 3431 1912 3501 partim
1959 3429 2165 3482 Isidoro
2175 3471 2189 3498 ,
2241 3428 2438 3498 partim

257 3524 549 3594 PriscianO,
586 3523 785 3592 partim
823 3523 1096 3576 Macrobio
1137 3522 1410 3575 debentur.
1475 3520 1705 3574 Omnino
1749 3522 1950 3573 certum
1990 3521 2084 3587 est,
2123 3515 2285 3570 medii
2323 3515 2442 3570 aevi

257 3615 583 3682 scriptorum
630 3631 695 3666 ex
741 3612 858 3681 ipso
897 3610 1138 3665 Varrone
1183 3610 1426 3663 hausisse
1472 3609 1761 3678 neminem,
1814 3606 1919 3660 nisi
1968 3605 2112 3675 quod
2155 3604 2438 3658 undecimo

258 3702 473 3756 saeculo
527 3699 722 3769 aliquis
776 3700 1058 3754 codicem
1111 3697 1561 3752 Florentinum
1611 3696 1931 3767 propagavit
1974 3698 2026 3775 et
2064 3694 2276 3746 saeculo
2315 3695 2442 3762 post

411 3807 433 3846 1
470 3801 535 3848 Cf.
568 3801 619 3846 L.
643 3800 772 3858 Jeep,
809 3801 918 3844 ‘Zur
949 3799 1115 3845 Gesch.
1147 3799 1230 3843 der
1259 3798 1407 3843 Lehre
1437 3812 1527 3843 von
1558 3797 1649 3842 den
1681 3795 1973 3841 Redeteilen'
2007 3809 2053 3852 p.
2080 3799 2133 3838 12
2152 3808 2252 3850 sqq.
