<?xml version="1.0" encoding="UTF-8"?>
<!DOCTYPE html PUBLIC "-//W3C//DTD XHTML 1.0 Transitional//EN"
    "http://www.w3.org/TR/xhtml1/DTD/xhtml1-transitional.dtd">
<html xmlns="http://www.w3.org/1999/xhtml" xml:lang="en" lang="en">
 <head>
  <title>
</title>
<meta http-equiv="Content-Type" content="text/html;charset=utf-8" />
  <meta name='ocr-system' content='tesseract 3.04.00' />
  <meta name='ocr-capabilities' content='ocr_page ocr_carea ocr_par ocr_line ocrx_word'/>
</head>
<body>
  <div class='ocr_page' id='page_1' title='image "./delingualatinaqu00varruoft_0019.png"; bbox 0 0 2600 4198; ppageno 0'>
   <div class='ocr_carea' id='block_1_1' title="bbox 969 165 2289 218">
    <p class='ocr_par' dir='ltr' id='par_1_1' title="bbox 969 165 2289 218">
     <span class='ocr_line' id='line_1_1' title="bbox 969 165 2289 218; baseline 0.002 -9"><span class='ocrx_word' id='word_1_1' title='bbox 969 165 1427 218; x_wconf 79' lang='lat' dir='ltr'>PROLEGOMENA</span> <span class='ocrx_word' id='word_1_2' title='bbox 2206 169 2289 212; x_wconf 93' lang='lat' dir='ltr'>XV</span> 
     </span>
    </p>
   </div>
   <div class='ocr_carea' id='block_1_2' title="bbox 56 299 2307 3482">
    <p class='ocr_par' dir='ltr' id='par_1_2' title="bbox 56 299 2307 3482">
     <span class='ocr_line' id='line_1_2' title="bbox 109 299 2293 373; baseline -0.001 -15"><span class='ocrx_word' id='word_1_3' title='bbox 109 305 307 358; x_wconf 85' lang='lat' dir='ltr'>ticulas</span> <span class='ocrx_word' id='word_1_4' title='bbox 331 307 587 357; x_wconf 74' lang='lat' dir='ltr'>tractasse</span> <span class='ocrx_word' id='word_1_5' title='bbox 612 303 796 372; x_wconf 91' lang='lat' dir='ltr'>prodit</span> <span class='ocrx_word' id='word_1_6' title='bbox 823 299 913 373; x_wconf 84' lang='lat' dir='ltr'>(cf.</span> <span class='ocrx_word' id='word_1_7' title='bbox 929 301 1124 355; x_wconf 89' lang='lat' dir='ltr'>Philol.</span> <span class='ocrx_word' id='word_1_8' title='bbox 1150 303 1187 353; x_wconf 90' lang='lat' dir='ltr'>t.</span> <span class='ocrx_word' id='word_1_9' title='bbox 1203 299 1334 353; x_wconf 89' lang='lat' dir='ltr'>XIH</span> <span class='ocrx_word' id='word_1_10' title='bbox 1357 320 1409 370; x_wconf 91' lang='lat' dir='ltr'>p.</span> <span class='ocrx_word' id='word_1_11' title='bbox 1428 300 1537 353; x_wconf 88' lang='grc'>690</span> <span class='ocrx_word' id='word_1_12' title='bbox 1555 300 1712 373; x_wconf 84' lang='grc'>6(111.).</span> <span class='ocrx_word' id='word_1_13' title='bbox 1770 301 1874 355; x_wconf 91' lang='lat' dir='ltr'>Sed</span> <span class='ocrx_word' id='word_1_14' title='bbox 1905 303 2107 370; x_wconf 81' lang='lat' dir='ltr'>priores</span> <span class='ocrx_word' id='word_1_15' title='bbox 2130 302 2293 373; x_wconf 87' lang='lat' dir='ltr'>longe</span> 
     </span>
     <span class='ocr_line' id='line_1_3' title="bbox 109 389 2290 464; baseline -0.002 -17"><span class='ocrx_word' id='word_1_16' title='bbox 109 393 381 464; x_wconf 85' lang='lat' dir='ltr'>superavit</span> <span class='ocrx_word' id='word_1_17' title='bbox 419 391 641 445; x_wconf 91' lang='lat' dir='ltr'>Henrici</span> <span class='ocrx_word' id='word_1_18' title='bbox 679 389 805 442; x_wconf 85' lang='lat' dir='ltr'>Keil</span> <span class='ocrx_word' id='word_1_19' title='bbox 843 389 1150 459; x_wconf 73' lang='lat' dir='ltr'>diligentia,</span> <span class='ocrx_word' id='word_1_20' title='bbox 1206 389 1300 457; x_wconf 91' lang='lat' dir='ltr'>qui</span> <span class='ocrx_word' id='word_1_21' title='bbox 1340 407 1476 457; x_wconf 89' lang='lat' dir='ltr'>quae</span> <span class='ocrx_word' id='word_1_22' title='bbox 1516 389 1676 442; x_wconf 91' lang='lat' dir='ltr'>solita</span> <span class='ocrx_word' id='word_1_23' title='bbox 1716 408 1842 443; x_wconf 91' lang='lat' dir='ltr'>cura</span> <span class='ocrx_word' id='word_1_24' title='bbox 1882 394 2188 443; x_wconf 83' lang='lat' dir='ltr'>enotaverat</span> <span class='ocrx_word' id='word_1_25' title='bbox 2225 392 2290 443; x_wconf 91' lang='lat' dir='ltr'>ad</span> 
     </span>
     <span class='ocr_line' id='line_1_4' title="bbox 108 476 2290 548; baseline -0.002 -13"><span class='ocrx_word' id='word_1_26' title='bbox 108 482 396 536; x_wconf 81' lang='lat' dir='ltr'>editionem</span> <span class='ocrx_word' id='word_1_27' title='bbox 435 479 681 532; x_wconf 89' lang='lat' dir='ltr'>Muelleri</span> <span class='ocrx_word' id='word_1_28' title='bbox 722 479 863 531; x_wconf 91' lang='lat' dir='ltr'>dono</span> <span class='ocrx_word' id='word_1_29' title='bbox 904 478 1050 530; x_wconf 82' lang='lat' dir='ltr'>dedit</span> <span class='ocrx_word' id='word_1_30' title='bbox 1090 477 1366 530; x_wconf 90' lang='lat' dir='ltr'>Leonardo</span> <span class='ocrx_word' id='word_1_31' title='bbox 1410 476 1656 548; x_wconf 75' lang='lat' dir='ltr'>Spengel,</span> <span class='ocrx_word' id='word_1_32' title='bbox 1699 478 1838 532; x_wconf 90' lang='lat' dir='ltr'>unde</span> <span class='ocrx_word' id='word_1_33' title='bbox 1878 479 1923 531; x_wconf 87' lang='lat' dir='ltr'>is</span> <span class='ocrx_word' id='word_1_34' title='bbox 1962 480 2193 547; x_wconf 89' lang='lat' dir='ltr'>primum</span> <span class='ocrx_word' id='word_1_35' title='bbox 2234 480 2290 531; x_wconf 91' lang='lat' dir='ltr'>in</span> 
     </span>
     <span class='ocr_line' id='line_1_5' title="bbox 109 566 2293 634; baseline -0.003 -9"><span class='ocrx_word' id='word_1_36' title='bbox 109 569 557 625; x_wconf 84' lang='lat' dir='ltr'>commentatione</span> <span class='ocrx_word' id='word_1_37' title='bbox 612 587 657 620; x_wconf 91' lang='lat' dir='ltr'>a.</span> <span class='ocrx_word' id='word_1_38' title='bbox 700 567 844 621; x_wconf 85' lang='grc'>1854</span> <span class='ocrx_word' id='word_1_39' title='bbox 899 567 1107 619; x_wconf 84' lang='lat' dir='ltr'>veriora</span> <span class='ocrx_word' id='word_1_40' title='bbox 1160 566 1366 634; x_wconf 88' lang='lat' dir='ltr'>docuit,</span> <span class='ocrx_word' id='word_1_41' title='bbox 1421 566 1609 619; x_wconf 91' lang='lat' dir='ltr'>deinde</span> <span class='ocrx_word' id='word_1_42' title='bbox 1651 566 1802 633; x_wconf 83' lang='lat' dir='ltr'>aliaS,</span> <span class='ocrx_word' id='word_1_43' title='bbox 1858 567 2025 621; x_wconf 90' lang='lat' dir='ltr'>donec</span> <span class='ocrx_word' id='word_1_44' title='bbox 2074 585 2136 619; x_wconf 91' lang='lat' dir='ltr'>ex</span> <span class='ocrx_word' id='word_1_45' title='bbox 2177 567 2293 619; x_wconf 88' lang='lat' dir='ltr'>eius</span> 
     </span>
     <span class='ocr_line' id='line_1_6' title="bbox 107 655 2293 724; baseline -0.003 -12"><span class='ocrx_word' id='word_1_46' title='bbox 107 659 317 713; x_wconf 89' lang='lat' dir='ltr'>schedis</span> <span class='ocrx_word' id='word_1_47' title='bbox 357 657 598 711; x_wconf 81' lang='lat' dir='ltr'>Andreas</span> <span class='ocrx_word' id='word_1_48' title='bbox 638 657 782 708; x_wconf 91' lang='lat' dir='ltr'>filius</span> <span class='ocrx_word' id='word_1_49' title='bbox 823 675 866 708; x_wconf 90' lang='lat' dir='ltr'>a.</span> <span class='ocrx_word' id='word_1_50' title='bbox 904 655 1047 708; x_wconf 83' lang='grc'>1885</span> <span class='ocrx_word' id='word_1_51' title='bbox 1089 657 1235 708; x_wconf 85' lang='grc'>0111111</span> <span class='ocrx_word' id='word_1_52' title='bbox 1274 655 1483 707; x_wconf 82' lang='lat' dir='ltr'>ratione</span> <span class='ocrx_word' id='word_1_53' title='bbox 1523 673 1717 707; x_wconf 88' lang='lat' dir='ltr'>novam</span> <span class='ocrx_word' id='word_1_54' title='bbox 1750 656 2185 724; x_wconf 88' lang='lat' dir='ltr'>emendatamque</span> <span class='ocrx_word' id='word_1_55' title='bbox 2217 674 2293 706; x_wconf 88' lang='lat' dir='ltr'>re-</span> 
     </span>
     <span class='ocr_line' id='line_1_7' title="bbox 110 742 2295 811; baseline -0.003 -10"><span class='ocrx_word' id='word_1_56' title='bbox 110 748 411 801; x_wconf 82' lang='lat' dir='ltr'>censionem</span> <span class='ocrx_word' id='word_1_57' title='bbox 445 746 725 800; x_wconf 87' lang='lat' dir='ltr'>emitteret.</span> <span class='ocrx_word' id='word_1_58' title='bbox 787 744 1010 798; x_wconf 89' lang='lat' dir='ltr'>Interim</span> <span class='ocrx_word' id='word_1_59' title='bbox 1043 747 1260 797; x_wconf 89' lang='lat' dir='ltr'>auctore</span> <span class='ocrx_word' id='word_1_60' title='bbox 1294 742 1661 796; x_wconf 89' lang='lat' dir='ltr'>Studemundo</span> <span class='ocrx_word' id='word_1_61' title='bbox 1694 743 1922 796; x_wconf 85' lang='lat' dir='ltr'>Adolfus</span> <span class='ocrx_word' id='word_1_62' title='bbox 1957 742 2143 811; x_wconf 85' lang='lat' dir='ltr'>Groth,</span> <span class='ocrx_word' id='word_1_63' title='bbox 2176 762 2295 796; x_wconf 90' lang='lat' dir='ltr'>cum</span> 
     </span>
     <span class='ocr_line' id='line_1_8' title="bbox 110 831 2293 902; baseline -0.002 -13"><span class='ocrx_word' id='word_1_64' title='bbox 110 856 152 889; x_wconf 90' lang='lat' dir='ltr'>a.</span> <span class='ocrx_word' id='word_1_65' title='bbox 191 836 331 889; x_wconf 84' lang='lat'>1877</span> <span class='ocrx_word' id='word_1_66' title='bbox 367 835 670 887; x_wconf 86' lang='lat' dir='ltr'>Florentiae</span> <span class='ocrx_word' id='word_1_67' title='bbox 710 837 1026 902; x_wconf 85' lang='lat' dir='ltr'>versaretur,</span> <span class='ocrx_word' id='word_1_68' title='bbox 1064 832 1260 885; x_wconf 91' lang='lat' dir='ltr'>librum</span> <span class='ocrx_word' id='word_1_69' title='bbox 1305 834 1604 885; x_wconf 85' lang='lat' dir='ltr'>accuratius</span> <span class='ocrx_word' id='word_1_70' title='bbox 1646 833 1873 886; x_wconf 88' lang='lat' dir='ltr'>contulit</span> <span class='ocrx_word' id='word_1_71' title='bbox 1913 851 2031 884; x_wconf 91' lang='lat' dir='ltr'>cum</span> <span class='ocrx_word' id='word_1_72' title='bbox 2064 831 2293 902; x_wconf 87' lang='lat' dir='ltr'>Spenge-</span> 
     </span>
     <span class='ocr_line' id='line_1_9' title="bbox 109 920 2295 993; baseline -0.003 -15"><span class='ocrx_word' id='word_1_73' title='bbox 109 925 254 978; x_wconf 89' lang='lat' dir='ltr'>liana</span> <span class='ocrx_word' id='word_1_74' title='bbox 305 924 483 993; x_wconf 89' lang='lat' dir='ltr'>priore</span> <span class='ocrx_word' id='word_1_75' title='bbox 534 923 812 991; x_wconf 87' lang='lat' dir='ltr'>tribusque</span> <span class='ocrx_word' id='word_1_76' title='bbox 852 922 1004 975; x_wconf 91' lang='lat' dir='ltr'>annis</span> <span class='ocrx_word' id='word_1_77' title='bbox 1054 924 1177 991; x_wconf 87' lang='lat' dir='ltr'>post</span> <span class='ocrx_word' id='word_1_78' title='bbox 1224 922 1282 973; x_wconf 90' lang='lat' dir='ltr'>in</span> <span class='ocrx_word' id='word_1_79' title='bbox 1328 921 1792 992; x_wconf 85' lang='lat' dir='ltr'>dissertationibus</span> <span class='ocrx_word' id='word_1_80' title='bbox 1832 920 2295 990; x_wconf 87' lang='lat' dir='ltr'>Argentoratensi-</span> 
     </span>
     <span class='ocr_line' id='line_1_10' title="bbox 56 1008 2294 1082; baseline -0.003 -15"><span class='ocrx_word' id='word_1_81' title='bbox 56 1016 61 1022; x_wconf 77' lang='grc'><em>“</em></span> <span class='ocrx_word' id='word_1_82' title='bbox 109 1015 209 1067; x_wconf 89' lang='lat' dir='ltr'>bus</span> <span class='ocrx_word' id='word_1_83' title='bbox 242 1013 321 1066; x_wconf 91' lang='lat' dir='ltr'>IV</span> <span class='ocrx_word' id='word_1_84' title='bbox 352 1033 401 1082; x_wconf 90' lang='lat' dir='ltr'>p.</span> <span class='ocrx_word' id='word_1_85' title='bbox 437 1013 502 1065; x_wconf 93' lang='grc'>81</span> <span class='ocrx_word' id='word_1_86' title='bbox 533 1030 647 1081; x_wconf 89' lang='lat' dir='ltr'>sqq.</span> <span class='ocrx_word' id='word_1_87' title='bbox 682 1030 816 1080; x_wconf 90' lang='lat' dir='ltr'>quae</span> <span class='ocrx_word' id='word_1_88' title='bbox 849 1012 1202 1080; x_wconf 86' lang='lat' dir='ltr'>exscripserat</span> <span class='ocrx_word' id='word_1_89' title='bbox 1232 1011 1543 1080; x_wconf 85' lang='lat' dir='ltr'>publicavit.</span> <span class='ocrx_word' id='word_1_90' title='bbox 1599 1010 1763 1063; x_wconf 86' lang='lat' dir='ltr'>Keilii</span> <span class='ocrx_word' id='word_1_91' title='bbox 1798 1008 2116 1078; x_wconf 81' lang='lat' dir='ltr'>Grothiique</span> <span class='ocrx_word' id='word_1_92' title='bbox 2148 1010 2294 1062; x_wconf 90' lang='lat' dir='ltr'>testi-</span> 
     </span>
     <span class='ocr_line' id='line_1_11' title="bbox 108 1098 2298 1169; baseline -0.002 -14"><span class='ocrx_word' id='word_1_93' title='bbox 108 1103 289 1155; x_wconf 91' lang='lat' dir='ltr'>monia</span> <span class='ocrx_word' id='word_1_94' title='bbox 342 1102 487 1154; x_wconf 90' lang='lat' dir='ltr'>haud</span> <span class='ocrx_word' id='word_1_95' title='bbox 540 1120 659 1154; x_wconf 89' lang='lat' dir='ltr'>raro</span> <span class='ocrx_word' id='word_1_96' title='bbox 715 1101 855 1153; x_wconf 89' lang='lat' dir='ltr'>inter</span> <span class='ocrx_word' id='word_1_97' title='bbox 902 1119 956 1153; x_wconf 91' lang='lat' dir='ltr'>se</span> <span class='ocrx_word' id='word_1_98' title='bbox 1005 1100 1363 1168; x_wconf 87' lang='lat' dir='ltr'>discrepantia</span> <span class='ocrx_word' id='word_1_99' title='bbox 1415 1117 1535 1152; x_wconf 94' lang='lat' dir='ltr'>cum</span> <span class='ocrx_word' id='word_1_100' title='bbox 1575 1098 1639 1151; x_wconf 93' lang='lat' dir='ltr'>A.</span> <span class='ocrx_word' id='word_1_101' title='bbox 1674 1098 1905 1169; x_wconf 81' lang='lat' dir='ltr'>Spengel</span> <span class='ocrx_word' id='word_1_102' title='bbox 1946 1099 2298 1166; x_wconf 86' lang='lat' dir='ltr'>coniunxerit,</span> 
     </span>
     <span class='ocr_line' id='line_1_12' title="bbox 110 1187 2298 1260; baseline -0.002 -16"><span class='ocrx_word' id='word_1_103' title='bbox 110 1210 210 1245; x_wconf 86' lang='lat' dir='ltr'>nos</span> <span class='ocrx_word' id='word_1_104' title='bbox 253 1210 358 1260; x_wconf 91' lang='lat' dir='ltr'>quo</span> <span class='ocrx_word' id='word_1_105' title='bbox 393 1191 590 1244; x_wconf 89' lang='lat' dir='ltr'>certius</span> <span class='ocrx_word' id='word_1_106' title='bbox 625 1190 1077 1260; x_wconf 88' lang='lat' dir='ltr'>distingueremus</span> <span class='ocrx_word' id='word_1_107' title='bbox 1116 1188 1351 1258; x_wconf 92' lang='lat' dir='ltr'>primum</span> <span class='ocrx_word' id='word_1_108' title='bbox 1376 1187 1685 1258; x_wconf 89' lang='lat' dir='ltr'>Augustum</span> <span class='ocrx_word' id='word_1_109' title='bbox 1711 1188 2013 1239; x_wconf 59' lang='lat' dir='ltr'>WVilmanns</span> <span class='ocrx_word' id='word_1_110' title='bbox 2055 1188 2298 1256; x_wconf 86' lang='lat' dir='ltr'>adiimus,</span> 
     </span>
     <span class='ocr_line' id='line_1_13' title="bbox 115 1277 2297 1350; baseline -0.001 -18"><span class='ocrx_word' id='word_1_111' title='bbox 115 1282 209 1349; x_wconf 93' lang='lat' dir='ltr'>qui</span> <span class='ocrx_word' id='word_1_112' title='bbox 239 1281 354 1350; x_wconf 91' lang='lat' dir='ltr'>ipse</span> <span class='ocrx_word' id='word_1_113' title='bbox 387 1298 599 1348; x_wconf 90' lang='lat' dir='ltr'>quoque</span> <span class='ocrx_word' id='word_1_114' title='bbox 633 1279 763 1331; x_wconf 91' lang='lat' dir='ltr'>olim</span> <span class='ocrx_word' id='word_1_115' title='bbox 796 1278 1031 1332; x_wconf 90' lang='lat' dir='ltr'>codicem</span> <span class='ocrx_word' id='word_1_116' title='bbox 1066 1282 1383 1347; x_wconf 75' lang='lat' dir='ltr'>excusserat,</span> <span class='ocrx_word' id='word_1_117' title='bbox 1424 1279 1549 1346; x_wconf 89' lang='lat' dir='ltr'>quia</span> <span class='ocrx_word' id='word_1_118' title='bbox 1580 1281 1705 1346; x_wconf 92' lang='lat' dir='ltr'>post</span> <span class='ocrx_word' id='word_1_119' title='bbox 1737 1277 2003 1348; x_wconf 87' lang='lat' dir='ltr'>egregiam</span> <span class='ocrx_word' id='word_1_120' title='bbox 2035 1278 2297 1346; x_wconf 86' lang='lat' dir='ltr'>fragmen-</span> 
     </span>
     <span class='ocr_line' id='line_1_14' title="bbox 111 1366 2296 1439; baseline -0.002 -18"><span class='ocrx_word' id='word_1_121' title='bbox 111 1373 291 1422; x_wconf 91' lang='lat' dir='ltr'>torum</span> <span class='ocrx_word' id='word_1_122' title='bbox 341 1370 816 1439; x_wconf 83' lang='lat' dir='ltr'>grammaticorum</span> <span class='ocrx_word' id='word_1_123' title='bbox 863 1368 1334 1438; x_wconf 87' lang='lat' dir='ltr'>pertractationem</span> <span class='ocrx_word' id='word_1_124' title='bbox 1383 1367 1645 1419; x_wconf 86' lang='lat' dir='ltr'>librorum</span> <span class='ocrx_word' id='word_1_125' title='bbox 1699 1367 1760 1419; x_wconf 89' lang='lat' dir='ltr'>de</span> <span class='ocrx_word' id='word_1_126' title='bbox 1800 1366 1833 1418; x_wconf 92' lang='grc'>1.</span> <span class='ocrx_word' id='word_1_127' title='bbox 1864 1366 1897 1418; x_wconf 94' lang='grc'>1.</span> <span class='ocrx_word' id='word_1_128' title='bbox 1936 1367 2296 1418; x_wconf 87' lang='lat' dir='ltr'>recensionem</span> 
     </span>
     <span class='ocr_line' id='line_1_15' title="bbox 113 1455 2295 1525; baseline -0.002 -14"><span class='ocrx_word' id='word_1_129' title='bbox 113 1459 236 1511; x_wconf 89' lang='lat' dir='ltr'>dare</span> <span class='ocrx_word' id='word_1_130' title='bbox 276 1458 333 1510; x_wconf 89' lang='lat' dir='ltr'>in</span> <span class='ocrx_word' id='word_1_131' title='bbox 373 1458 548 1511; x_wconf 90' lang='lat' dir='ltr'>animo</span> <span class='ocrx_word' id='word_1_132' title='bbox 589 1457 843 1509; x_wconf 89' lang='lat' dir='ltr'>habebat:</span> <span class='ocrx_word' id='word_1_133' title='bbox 887 1457 1029 1525; x_wconf 89' lang='lat' dir='ltr'>quod</span> <span class='ocrx_word' id='word_1_134' title='bbox 1070 1456 1352 1509; x_wconf 91' lang='lat' dir='ltr'>consilium</span> <span class='ocrx_word' id='word_1_135' title='bbox 1391 1456 1598 1507; x_wconf 88' lang='lat' dir='ltr'>utinam</span> <span class='ocrx_word' id='word_1_136' title='bbox 1640 1459 1920 1508; x_wconf 84' lang='lat' dir='ltr'>exsecutus</span> <span class='ocrx_word' id='word_1_137' title='bbox 1962 1458 2120 1507; x_wconf 79' lang='lat' dir='ltr'>esset!</span> <span class='ocrx_word' id='word_1_138' title='bbox 2193 1455 2295 1517; x_wconf 86' lang='lat' dir='ltr'>Qui</span> 
     </span>
     <span class='ocr_line' id='line_1_16' title="bbox 109 1545 2299 1614; baseline -0.001 -16"><span class='ocrx_word' id='word_1_139' title='bbox 109 1547 193 1600; x_wconf 86' lang='lat' dir='ltr'>vir</span> <span class='ocrx_word' id='word_1_140' title='bbox 230 1546 650 1598; x_wconf 88' lang='lat' dir='ltr'>humanissimus</span> <span class='ocrx_word' id='word_1_141' title='bbox 690 1563 1002 1614; x_wconf 90' lang='lat' dir='ltr'>semperque</span> <span class='ocrx_word' id='word_1_142' title='bbox 1042 1546 1199 1597; x_wconf 88' lang='lat' dir='ltr'>nobis</span> <span class='ocrx_word' id='word_1_143' title='bbox 1239 1545 1530 1597; x_wconf 85' lang='lat' dir='ltr'>benevolus</span> <span class='ocrx_word' id='word_1_144' title='bbox 1564 1545 1810 1596; x_wconf 89' lang='lat' dir='ltr'>idoneam</span> <span class='ocrx_word' id='word_1_145' title='bbox 1844 1545 1909 1596; x_wconf 94' lang='lat' dir='ltr'>ob</span> <span class='ocrx_word' id='word_1_146' title='bbox 1945 1562 2156 1596; x_wconf 87' lang='lat' dir='ltr'>causam</span> <span class='ocrx_word' id='word_1_147' title='bbox 2189 1563 2299 1595; x_wconf 86' lang='lat' dir='ltr'>non</span> 
     </span>
     <span class='ocr_line' id='line_1_17' title="bbox 108 1632 2297 1704; baseline -0.001 -16"><span class='ocrx_word' id='word_1_148' title='bbox 108 1636 288 1704; x_wconf 89' lang='lat' dir='ltr'>potuit</span> <span class='ocrx_word' id='word_1_149' title='bbox 326 1635 482 1687; x_wconf 91' lang='lat' dir='ltr'>nobis</span> <span class='ocrx_word' id='word_1_150' title='bbox 523 1635 800 1704; x_wconf 90' lang='lat' dir='ltr'>copiarum</span> <span class='ocrx_word' id='word_1_151' title='bbox 840 1653 1056 1687; x_wconf 91' lang='lat' dir='ltr'>suarum</span> <span class='ocrx_word' id='word_1_152' title='bbox 1099 1634 1306 1702; x_wconf 90' lang='lat' dir='ltr'>copiam</span> <span class='ocrx_word' id='word_1_153' title='bbox 1349 1634 1533 1685; x_wconf 88' lang='lat' dir='ltr'>facere.</span> <span class='ocrx_word' id='word_1_154' title='bbox 1615 1633 1788 1695; x_wconf 83' lang='lat' dir='ltr'>Quare</span> <span class='ocrx_word' id='word_1_155' title='bbox 1828 1652 1868 1684; x_wconf 92' lang='lat' dir='ltr'>a.</span> <span class='ocrx_word' id='word_1_156' title='bbox 1908 1633 2048 1685; x_wconf 81' lang='lat'>1906</span> <span class='ocrx_word' id='word_1_157' title='bbox 2084 1632 2297 1685; x_wconf 88' lang='lat' dir='ltr'>Schoell</span> 
     </span>
     <span class='ocr_line' id='line_1_18' title="bbox 108 1721 2299 1794; baseline -0.001 -19"><span class='ocrx_word' id='word_1_158' title='bbox 108 1725 344 1794; x_wconf 86' lang='lat' dir='ltr'>relegere</span> <span class='ocrx_word' id='word_1_159' title='bbox 375 1724 574 1775; x_wconf 89' lang='lat' dir='ltr'>librum</span> <span class='ocrx_word' id='word_1_160' title='bbox 609 1724 911 1775; x_wconf 86' lang='lat' dir='ltr'>constituit:</span> <span class='ocrx_word' id='word_1_161' title='bbox 947 1724 1039 1791; x_wconf 90' lang='lat' dir='ltr'>qui</span> <span class='ocrx_word' id='word_1_162' title='bbox 1075 1741 1194 1774; x_wconf 91' lang='lat' dir='ltr'>cum</span> <span class='ocrx_word' id='word_1_163' title='bbox 1229 1723 1294 1773; x_wconf 90' lang='lat' dir='ltr'>ab</span> <span class='ocrx_word' id='word_1_164' title='bbox 1329 1723 1485 1774; x_wconf 90' lang='lat' dir='ltr'>initio</span> <span class='ocrx_word' id='word_1_165' title='bbox 1520 1721 1901 1790; x_wconf 79' lang='lat' dir='ltr'>discrepantias</span> <span class='ocrx_word' id='word_1_166' title='bbox 1934 1725 2144 1774; x_wconf 88' lang='lat' dir='ltr'>tantum</span> <span class='ocrx_word' id='word_1_167' title='bbox 2179 1722 2299 1773; x_wconf 85' lang='lat' dir='ltr'>illas</span> 
     </span>
     <span class='ocr_line' id='line_1_19' title="bbox 107 1810 2297 1881; baseline -0.002 -16"><span class='ocrx_word' id='word_1_168' title='bbox 107 1813 370 1881; x_wconf 88' lang='lat' dir='ltr'>respicere</span> <span class='ocrx_word' id='word_1_169' title='bbox 420 1812 703 1880; x_wconf 84' lang='lat' dir='ltr'>voluisset,</span> <span class='ocrx_word' id='word_1_170' title='bbox 759 1830 885 1863; x_wconf 92' lang='lat' dir='ltr'>mox</span> <span class='ocrx_word' id='word_1_171' title='bbox 932 1812 1200 1864; x_wconf 84' lang='lat' dir='ltr'>intellexit</span> <span class='ocrx_word' id='word_1_172' title='bbox 1238 1812 1458 1879; x_wconf 90' lang='lat' dir='ltr'>plenum</span> <span class='ocrx_word' id='word_1_173' title='bbox 1509 1814 1819 1863; x_wconf 88' lang='lat' dir='ltr'>contextum</span> <span class='ocrx_word' id='word_1_174' title='bbox 1867 1810 2297 1879; x_wconf 89' lang='lat' dir='ltr'>perlustrandum</span> 
     </span>
     <span class='ocr_line' id='line_1_20' title="bbox 110 1899 2299 1970; baseline -0.002 -16"><span class='ocrx_word' id='word_1_175' title='bbox 110 1919 245 1955; x_wconf 91' lang='lat' dir='ltr'>esse:</span> <span class='ocrx_word' id='word_1_176' title='bbox 286 1901 426 1954; x_wconf 89' lang='lat' dir='ltr'>unde</span> <span class='ocrx_word' id='word_1_177' title='bbox 464 1919 620 1970; x_wconf 90' lang='lat' dir='ltr'>saepe</span> <span class='ocrx_word' id='word_1_178' title='bbox 645 1901 898 1969; x_wconf 89' lang='lat' dir='ltr'>Keilium,</span> <span class='ocrx_word' id='word_1_179' title='bbox 938 1901 1209 1952; x_wconf 89' lang='lat' dir='ltr'>interdum</span> <span class='ocrx_word' id='word_1_180' title='bbox 1250 1901 1412 1952; x_wconf 89' lang='lat' dir='ltr'>etiam</span> <span class='ocrx_word' id='word_1_181' title='bbox 1440 1899 1724 1952; x_wconf 83' lang='lat' dir='ltr'>Grothium</span> <span class='ocrx_word' id='word_1_182' title='bbox 1764 1919 1949 1952; x_wconf 86' lang='lat' dir='ltr'>verum</span> <span class='ocrx_word' id='word_1_183' title='bbox 1989 1899 2183 1951; x_wconf 84' lang='lat' dir='ltr'>vidisse</span> <span class='ocrx_word' id='word_1_184' title='bbox 2223 1900 2299 1950; x_wconf 90' lang='lat' dir='ltr'>in-</span> 
     </span>
     <span class='ocr_line' id='line_1_21' title="bbox 111 1988 2299 2059; baseline -0.002 -16"><span class='ocrx_word' id='word_1_185' title='bbox 111 1990 342 2059; x_wconf 86' lang='lat' dir='ltr'>tellexit,</span> <span class='ocrx_word' id='word_1_186' title='bbox 380 2008 784 2058; x_wconf 86' lang='lat' dir='ltr'>nonnumquam</span> <span class='ocrx_word' id='word_1_187' title='bbox 824 2008 947 2042; x_wconf 88' lang='lat' dir='ltr'>vero</span> <span class='ocrx_word' id='word_1_188' title='bbox 990 1991 1055 2042; x_wconf 91' lang='lat' dir='ltr'>ab</span> <span class='ocrx_word' id='word_1_189' title='bbox 1097 1993 1328 2057; x_wconf 92' lang='lat' dir='ltr'>utroque</span> <span class='ocrx_word' id='word_1_190' title='bbox 1369 1990 1612 2057; x_wconf 89' lang='lat' dir='ltr'>recessit,</span> <span class='ocrx_word' id='word_1_191' title='bbox 1651 2008 1758 2041; x_wconf 86' lang='lat' dir='ltr'>non</span> <span class='ocrx_word' id='word_1_192' title='bbox 1797 1989 1956 2042; x_wconf 91' lang='lat' dir='ltr'>modo</span> <span class='ocrx_word' id='word_1_193' title='bbox 1982 1990 2053 2040; x_wconf 83' lang='lat' dir='ltr'>in</span> <span class='ocrx_word' id='word_1_194' title='bbox 2091 1988 2299 2041; x_wconf 89' lang='lat' dir='ltr'>ratione</span> 
     </span>
     <span class='ocr_line' id='line_1_22' title="bbox 113 2077 2299 2149; baseline -0.002 -17"><span class='ocrx_word' id='word_1_195' title='bbox 113 2079 608 2149; x_wconf 86' lang='lat' dir='ltr'>discrepantiarum,</span> <span class='ocrx_word' id='word_1_196' title='bbox 636 2082 1077 2147; x_wconf 86' lang='lat' dir='ltr'>correcturarum,</span> <span class='ocrx_word' id='word_1_197' title='bbox 1105 2079 1511 2131; x_wconf 88' lang='lat' dir='ltr'>distinctionum</span> <span class='ocrx_word' id='word_1_198' title='bbox 1536 2078 1906 2146; x_wconf 84' lang='lat' dir='ltr'>notandarum,</span> <span class='ocrx_word' id='word_1_199' title='bbox 1930 2097 2113 2130; x_wconf 80' lang='lat' dir='ltr'>verum</span> <span class='ocrx_word' id='word_1_200' title='bbox 2141 2077 2299 2129; x_wconf 90' lang='lat' dir='ltr'>etiam</span> 
     </span>
     <span class='ocr_line' id='line_1_23' title="bbox 114 2166 2301 2238; baseline -0.002 -18"><span class='ocrx_word' id='word_1_201' title='bbox 114 2168 171 2220; x_wconf 91' lang='lat' dir='ltr'>in</span> <span class='ocrx_word' id='word_1_202' title='bbox 210 2168 341 2237; x_wconf 88' lang='lat' dir='ltr'>ipsis</span> <span class='ocrx_word' id='word_1_203' title='bbox 379 2166 765 2238; x_wconf 76' lang='lat' dir='ltr'>lectionibus.1)</span> <span class='ocrx_word' id='word_1_204' title='bbox 830 2167 939 2221; x_wconf 91' lang='lat' dir='ltr'>Vbi</span> <span class='ocrx_word' id='word_1_205' title='bbox 981 2168 1322 2221; x_wconf 89' lang='lat' dir='ltr'>discessimus</span> <span class='ocrx_word' id='word_1_206' title='bbox 1363 2187 1393 2219; x_wconf 90' lang='lat' dir='ltr'>a</span> <span class='ocrx_word' id='word_1_207' title='bbox 1434 2168 1675 2237; x_wconf 88' lang='lat' dir='ltr'>priorum</span> <span class='ocrx_word' id='word_1_208' title='bbox 1716 2167 2038 2220; x_wconf 89' lang='lat' dir='ltr'>testimoniis</span> <span class='ocrx_word' id='word_1_209' title='bbox 2078 2170 2170 2218; x_wconf 89' lang='lat' dir='ltr'>aut</span> <span class='ocrx_word' id='word_1_210' title='bbox 2211 2166 2301 2216; x_wconf 89' lang='lat' dir='ltr'>du-</span> 
     </span>
     <span class='ocr_line' id='line_1_24' title="bbox 109 2256 2300 2325; baseline -0.002 -15"><span class='ocrx_word' id='word_1_211' title='bbox 109 2257 427 2310; x_wconf 90' lang='lat' dir='ltr'>bitationem</span> <span class='ocrx_word' id='word_1_212' title='bbox 477 2261 650 2310; x_wconf 90' lang='lat' dir='ltr'>ortam</span> <span class='ocrx_word' id='word_1_213' title='bbox 701 2258 893 2310; x_wconf 87' lang='lat' dir='ltr'>certius</span> <span class='ocrx_word' id='word_1_214' title='bbox 950 2260 1139 2310; x_wconf 90' lang='lat' dir='ltr'>tollere</span> <span class='ocrx_word' id='word_1_215' title='bbox 1187 2257 1471 2325; x_wconf 75' lang='lat' dir='ltr'>voluimUS,</span> <span class='ocrx_word' id='word_1_216' title='bbox 1521 2257 1731 2325; x_wconf 88' lang='lat' dir='ltr'>saepius</span> <span class='ocrx_word' id='word_1_217' title='bbox 1779 2257 1901 2325; x_wconf 70' lang='lat' dir='ltr'>(sic)</span> <span class='ocrx_word' id='word_1_218' title='bbox 1958 2256 2300 2324; x_wconf 88' lang='lat' dir='ltr'>adposuimus</span> 
     </span>
     <span class='ocr_line' id='line_1_25' title="bbox 113 2344 2301 2415; baseline -0.002 -16"><span class='ocrx_word' id='word_1_219' title='bbox 113 2345 390 2415; x_wconf 82' lang='lat' dir='ltr'>scripturis</span> <span class='ocrx_word' id='word_1_220' title='bbox 432 2347 488 2398; x_wconf 91' lang='lat' dir='ltr'>in</span> <span class='ocrx_word' id='word_1_221' title='bbox 528 2350 790 2415; x_wconf 85' lang='lat' dir='ltr'>apparatu</span> <span class='ocrx_word' id='word_1_222' title='bbox 828 2346 1084 2399; x_wconf 88' lang='lat' dir='ltr'>exhibitis</span> <span class='ocrx_word' id='word_1_223' title='bbox 1125 2346 1211 2398; x_wconf 84' lang='lat' dir='ltr'>vel</span> <span class='ocrx_word' id='word_1_224' title='bbox 1251 2346 1356 2399; x_wconf 90' lang='lat' dir='ltr'>alio</span> <span class='ocrx_word' id='word_1_225' title='bbox 1397 2346 1556 2399; x_wconf 91' lang='lat' dir='ltr'>modo</span> <span class='ocrx_word' id='word_1_226' title='bbox 1599 2346 1919 2414; x_wconf 88' lang='lat' dir='ltr'>scripturam</span> <span class='ocrx_word' id='word_1_227' title='bbox 1960 2364 1989 2396; x_wconf 92' lang='lat' dir='ltr'>a</span> <span class='ocrx_word' id='word_1_228' title='bbox 2027 2344 2183 2397; x_wconf 90' lang='lat' dir='ltr'>nobis</span> <span class='ocrx_word' id='word_1_229' title='bbox 2217 2344 2301 2395; x_wconf 87' lang='lat' dir='ltr'>da-</span> 
     </span>
     <span class='ocr_line' id='line_1_26' title="bbox 113 2434 2303 2504; baseline -0.001 -17"><span class='ocrx_word' id='word_1_230' title='bbox 113 2439 223 2488; x_wconf 89' lang='lat' dir='ltr'>tam</span> <span class='ocrx_word' id='word_1_231' title='bbox 265 2435 716 2488; x_wconf 85' lang='lat' dir='ltr'>confirmavimus.</span> <span class='ocrx_word' id='word_1_232' title='bbox 807 2434 961 2498; x_wconf 86' lang='lat' dir='ltr'>Quod</span> <span class='ocrx_word' id='word_1_233' title='bbox 1000 2435 1058 2487; x_wconf 88' lang='lat' dir='ltr'>L.</span> <span class='ocrx_word' id='word_1_234' title='bbox 1093 2434 1326 2504; x_wconf 82' lang='lat' dir='ltr'>Spengel</span> <span class='ocrx_word' id='word_1_235' title='bbox 1366 2439 1419 2488; x_wconf 91' lang='lat' dir='ltr'>et</span> <span class='ocrx_word' id='word_1_236' title='bbox 1458 2437 1515 2487; x_wconf 91' lang='lat' dir='ltr'>in</span> <span class='ocrx_word' id='word_1_237' title='bbox 1555 2439 1832 2488; x_wconf 88' lang='lat' dir='ltr'>comment.</span> <span class='ocrx_word' id='word_1_238' title='bbox 1875 2454 1916 2486; x_wconf 90' lang='lat' dir='ltr'>a.</span> <span class='ocrx_word' id='word_1_239' title='bbox 1962 2434 2104 2487; x_wconf 76' lang='grc'>1854</span> <span class='ocrx_word' id='word_1_240' title='bbox 2156 2437 2207 2484; x_wconf 87' lang='lat' dir='ltr'>et</span> <span class='ocrx_word' id='word_1_241' title='bbox 2247 2435 2303 2484; x_wconf 91' lang='lat' dir='ltr'>in</span> 
     </span>
     <span class='ocr_line' id='line_1_27' title="bbox 113 2521 2302 2595; baseline -0.002 -19"><span class='ocrx_word' id='word_1_242' title='bbox 113 2522 310 2593; x_wconf 78' lang='lat' dir='ltr'>praef.²</span> <span class='ocrx_word' id='word_1_243' title='bbox 349 2543 398 2592; x_wconf 91' lang='lat' dir='ltr'>p.</span> <span class='ocrx_word' id='word_1_244' title='bbox 432 2524 484 2576; x_wconf 90' lang='lat' dir='ltr'><strong>V</strong></span> <span class='ocrx_word' id='word_1_245' title='bbox 524 2543 645 2577; x_wconf 92' lang='lat' dir='ltr'>cum</span> <span class='ocrx_word' id='word_1_246' title='bbox 678 2524 853 2576; x_wconf 88' lang='lat' dir='ltr'>Keilio</span> <span class='ocrx_word' id='word_1_247' title='bbox 896 2525 1025 2576; x_wconf 90' lang='lat' dir='ltr'>dicit</span> <span class='ocrx_word' id='word_1_248' title='bbox 1066 2525 1299 2595; x_wconf 75' lang='lat' dir='ltr'>‘singula</span> <span class='ocrx_word' id='word_1_249' title='bbox 1336 2524 1468 2576; x_wconf 86' lang='lat' dir='ltr'>folia</span> <span class='ocrx_word' id='word_1_250' title='bbox 1507 2525 1751 2577; x_wconf 84' lang='lat' dir='ltr'>versibus</span> <span class='ocrx_word' id='word_1_251' title='bbox 1792 2524 1907 2576; x_wconf 80' lang='lat' dir='ltr'>XL’</span> <span class='ocrx_word' id='word_1_252' title='bbox 1949 2526 2207 2590; x_wconf 86' lang='lat' dir='ltr'>constare,</span> <span class='ocrx_word' id='word_1_253' title='bbox 2246 2521 2302 2572; x_wconf 89' lang='lat' dir='ltr'>id</span> 
     </span>
     <span class='ocr_line' id='line_1_28' title="bbox 115 2610 2301 2682; baseline -0.002 -17"><span class='ocrx_word' id='word_1_254' title='bbox 115 2631 226 2665; x_wconf 89' lang='lat' dir='ltr'>non</span> <span class='ocrx_word' id='word_1_255' title='bbox 264 2631 485 2681; x_wconf 89' lang='lat' dir='ltr'>prorsus</span> <span class='ocrx_word' id='word_1_256' title='bbox 525 2631 710 2665; x_wconf 83' lang='lat' dir='ltr'>verum</span> <span class='ocrx_word' id='word_1_257' title='bbox 750 2631 863 2664; x_wconf 90' lang='lat' dir='ltr'>esse</span> <span class='ocrx_word' id='word_1_258' title='bbox 904 2631 968 2664; x_wconf 93' lang='lat' dir='ltr'>ex</span> <span class='ocrx_word' id='word_1_259' title='bbox 1009 2613 1084 2665; x_wconf 91' lang='lat' dir='ltr'>eis</span> <span class='ocrx_word' id='word_1_260' title='bbox 1125 2613 1298 2666; x_wconf 89' lang='lat' dir='ltr'>elucet</span> <span class='ocrx_word' id='word_1_261' title='bbox 1339 2631 1473 2681; x_wconf 91' lang='lat' dir='ltr'>quae</span> <span class='ocrx_word' id='word_1_262' title='bbox 1514 2632 1564 2682; x_wconf 89' lang='lat' dir='ltr'>p.</span> <span class='ocrx_word' id='word_1_263' title='bbox 1602 2613 1767 2681; x_wconf 78' lang='lat'>125‚9</span> <span class='ocrx_word' id='word_1_264' title='bbox 1794 2632 1906 2681; x_wconf 90' lang='lat' dir='ltr'>sqq.</span> <span class='ocrx_word' id='word_1_265' title='bbox 1950 2616 2002 2663; x_wconf 89' lang='lat' dir='ltr'>et</span> <span class='ocrx_word' id='word_1_266' title='bbox 2045 2610 2207 2675; x_wconf 84' lang='grc'>146,5</span> <span class='ocrx_word' id='word_1_267' title='bbox 2249 2613 2301 2660; x_wconf 93' lang='lat' dir='ltr'>et</span> 
     </span>
     <span class='ocr_line' id='line_1_29' title="bbox 119 2699 2303 2771; baseline -0.003 -17"><span class='ocrx_word' id='word_1_268' title='bbox 119 2701 282 2771; x_wconf 82' lang='lat'>179‚3</span> <span class='ocrx_word' id='word_1_269' title='bbox 316 2702 686 2754; x_wconf 83' lang='lat' dir='ltr'>adnotavimus</span> <span class='ocrx_word' id='word_1_270' title='bbox 721 2699 810 2754; x_wconf 89' lang='lat' dir='ltr'>(cf.</span> <span class='ocrx_word' id='word_1_271' title='bbox 843 2702 1003 2754; x_wconf 91' lang='lat' dir='ltr'>etiam</span> <span class='ocrx_word' id='word_1_272' title='bbox 1037 2721 1086 2771; x_wconf 91' lang='lat' dir='ltr'>p.</span> <span class='ocrx_word' id='word_1_273' title='bbox 1114 2701 1180 2753; x_wconf 89' lang='lat'>91</span> <span class='ocrx_word' id='word_1_274' title='bbox 1219 2720 1257 2753; x_wconf 79' lang='lat' dir='ltr'>s,</span> <span class='ocrx_word' id='word_1_275' title='bbox 1290 2702 1325 2754; x_wconf 89' lang='lat' dir='ltr'>f.</span> <span class='ocrx_word' id='word_1_276' title='bbox 1360 2705 1413 2754; x_wconf 91' lang='lat' dir='ltr'>et</span> <span class='ocrx_word' id='word_1_277' title='bbox 1447 2702 1511 2754; x_wconf 91' lang='lat' dir='ltr'>ad</span> <span class='ocrx_word' id='word_1_278' title='bbox 1550 2702 1710 2769; x_wconf 83' lang='lat'>133,7</span> <span class='ocrx_word' id='word_1_279' title='bbox 1741 2720 1880 2770; x_wconf 87' lang='lat' dir='ltr'>sqq.:</span> <span class='ocrx_word' id='word_1_280' title='bbox 1919 2700 2012 2753; x_wconf 87' lang='lat' dir='ltr'>ubi</span> <span class='ocrx_word' id='word_1_281' title='bbox 2046 2699 2204 2752; x_wconf 89' lang='lat' dir='ltr'>simul</span> <span class='ocrx_word' id='word_1_282' title='bbox 2238 2699 2303 2749; x_wconf 91' lang='lat' dir='ltr'>de</span> 
     </span>
     <span class='ocr_line' id='line_1_30' title="bbox 116 2789 2302 2860; baseline -0.002 -18"><span class='ocrx_word' id='word_1_283' title='bbox 116 2789 403 2843; x_wconf 90' lang='lat' dir='ltr'>distributo</span> <span class='ocrx_word' id='word_1_284' title='bbox 446 2790 713 2843; x_wconf 90' lang='lat' dir='ltr'>scribendi</span> <span class='ocrx_word' id='word_1_285' title='bbox 751 2790 970 2860; x_wconf 91' lang='lat' dir='ltr'>negotio</span> <span class='ocrx_word' id='word_1_286' title='bbox 1013 2790 1181 2859; x_wconf 91' lang='lat' dir='ltr'>deque</span> <span class='ocrx_word' id='word_1_287' title='bbox 1222 2791 1515 2859; x_wconf 87' lang='lat' dir='ltr'>scripturae</span> <span class='ocrx_word' id='word_1_288' title='bbox 1556 2790 1762 2843; x_wconf 84' lang='lat' dir='ltr'>vicibus</span> <span class='ocrx_word' id='word_1_289' title='bbox 1802 2790 2106 2842; x_wconf 90' lang='lat' dir='ltr'>monuimus</span> <span class='ocrx_word' id='word_1_290' title='bbox 2117 2831 2130 2856; x_wconf 89' lang='lat'>,</span> <span class='ocrx_word' id='word_1_291' title='bbox 2168 2805 2302 2855; x_wconf 87' lang='lat' dir='ltr'>quae</span> 
     </span>
     <span class='ocr_line' id='line_1_31' title="bbox 115 2874 2305 2951; baseline -0.002 -20"><span class='ocrx_word' id='word_1_292' title='bbox 115 2882 353 2948; x_wconf 90' lang='lat' dir='ltr'>repetere</span> <span class='ocrx_word' id='word_1_293' title='bbox 391 2879 497 2933; x_wconf 90' lang='lat' dir='ltr'>hoc</span> <span class='ocrx_word' id='word_1_294' title='bbox 534 2881 654 2932; x_wconf 89' lang='lat' dir='ltr'>loco</span> <span class='ocrx_word' id='word_1_295' title='bbox 695 2877 986 2951; x_wconf 81' lang='lat' dir='ltr'>nolumus).</span> <span class='ocrx_word' id='word_1_296' title='bbox 1068 2878 1441 2932; x_wconf 78' lang='lat' dir='ltr'>Gratissimum</span> <span class='ocrx_word' id='word_1_297' title='bbox 1485 2898 1609 2932; x_wconf 90' lang='lat' dir='ltr'>sane</span> <span class='ocrx_word' id='word_1_298' title='bbox 1650 2879 1924 2947; x_wconf 89' lang='lat' dir='ltr'>accideret,</span> <span class='ocrx_word' id='word_1_299' title='bbox 1965 2878 2010 2930; x_wconf 93' lang='lat' dir='ltr'>si</span> <span class='ocrx_word' id='word_1_300' title='bbox 2044 2877 2188 2945; x_wconf 92' lang='lat' dir='ltr'>quod</span> <span class='ocrx_word' id='word_1_301' title='bbox 2218 2874 2305 2927; x_wconf 90' lang='lat' dir='ltr'>his</span> 
     </span>
     <span class='ocr_line' id='line_1_32' title="bbox 116 2966 2304 3039; baseline -0.001 -20"><span class='ocrx_word' id='word_1_302' title='bbox 116 2968 448 3037; x_wconf 91' lang='lat' dir='ltr'>temporibus</span> <span class='ocrx_word' id='word_1_303' title='bbox 488 2971 571 3021; x_wconf 91' lang='lat' dir='ltr'>tot</span> <span class='ocrx_word' id='word_1_304' title='bbox 605 2967 878 3021; x_wconf 89' lang='lat' dir='ltr'>codicibus</span> <span class='ocrx_word' id='word_1_305' title='bbox 912 2968 1143 3039; x_wconf 87' lang='lat' dir='ltr'>contigit</span> <span class='ocrx_word' id='word_1_306' title='bbox 1182 2969 1554 3038; x_wconf 90' lang='lat' dir='ltr'>contingitque</span> <span class='ocrx_word' id='word_1_307' title='bbox 1588 2969 1747 3021; x_wconf 89' lang='lat' dir='ltr'>etiam</span> <span class='ocrx_word' id='word_1_308' title='bbox 1780 2968 1905 3020; x_wconf 89' lang='grc'>111116</span> <span class='ocrx_word' id='word_1_309' title='bbox 1939 2966 2149 3019; x_wconf 88' lang='grc'>611116110</span> <span class='ocrx_word' id='word_1_310' title='bbox 2184 2982 2304 3017; x_wconf 89' lang='lat' dir='ltr'>con-</span> 
     </span>
     <span class='ocr_line' id='line_1_33' title="bbox 118 3053 2305 3128; baseline -0.003 -18"><span class='ocrx_word' id='word_1_311' title='bbox 118 3056 372 3127; x_wconf 86' lang='lat' dir='ltr'>tingeret,</span> <span class='ocrx_word' id='word_1_312' title='bbox 419 3056 623 3110; x_wconf 87' lang='lat' dir='ltr'>scilicet</span> <span class='ocrx_word' id='word_1_313' title='bbox 660 3060 723 3109; x_wconf 87' lang='lat' dir='ltr'>ut</span> <span class='ocrx_word' id='word_1_314' title='bbox 761 3060 908 3110; x_wconf 88' lang='lat' dir='ltr'>totus</span> <span class='ocrx_word' id='word_1_315' title='bbox 946 3057 1302 3127; x_wconf 85' lang='lat' dir='ltr'>phototypica</span> <span class='ocrx_word' id='word_1_316' title='bbox 1340 3061 1453 3110; x_wconf 89' lang='lat' dir='ltr'>arte</span> <span class='ocrx_word' id='word_1_317' title='bbox 1494 3058 1882 3128; x_wconf 87' lang='lat' dir='ltr'>depingeretur.</span> <span class='ocrx_word' id='word_1_318' title='bbox 1975 3054 2194 3107; x_wconf 91' lang='lat' dir='ltr'>Interim</span> <span class='ocrx_word' id='word_1_319' title='bbox 2239 3053 2305 3105; x_wconf 90' lang='lat' dir='ltr'>ad</span> 
     </span>
     <span class='ocr_line' id='line_1_34' title="bbox 118 3145 2303 3217; baseline -0.002 -19"><span class='ocrx_word' id='word_1_320' title='bbox 118 3147 276 3198; x_wconf 89' lang='lat' dir='ltr'>unius</span> <span class='ocrx_word' id='word_1_321' title='bbox 317 3145 547 3217; x_wconf 85' lang='lat' dir='ltr'>paginae</span> <span class='ocrx_word' id='word_1_322' title='bbox 586 3147 875 3216; x_wconf 90' lang='lat' dir='ltr'>imaginem</span> <span class='ocrx_word' id='word_1_323' title='bbox 916 3147 981 3199; x_wconf 91' lang='lat' dir='ltr'>ab</span> <span class='ocrx_word' id='word_1_324' title='bbox 1008 3146 1240 3199; x_wconf 93' lang='lat' dir='ltr'>Aemilio</span> <span class='ocrx_word' id='word_1_325' title='bbox 1269 3145 1547 3198; x_wconf 80' lang='lat' dir='ltr'>Chatelain</span> <span class='ocrx_word' id='word_1_326' title='bbox 1588 3148 1643 3199; x_wconf 92' lang='lat' dir='ltr'>in</span> <span class='ocrx_word' id='word_1_327' title='bbox 1676 3164 1832 3215; x_wconf 90' lang='lat' dir='ltr'>opere</span> <span class='ocrx_word' id='word_1_328' title='bbox 1863 3145 2151 3199; x_wconf 89' lang='lat' dir='ltr'>utilissimo</span> <span class='ocrx_word' id='word_1_329' title='bbox 2185 3160 2303 3211; x_wconf 90' lang='lat' dir='ltr'>pro-</span> 
     </span>
     <span class='ocr_line' id='line_1_35' title="bbox 119 3232 2307 3307; baseline -0.002 -20"><span class='ocrx_word' id='word_1_330' title='bbox 119 3234 353 3304; x_wconf 87' lang='lat' dir='ltr'>positam</span> <span class='ocrx_word' id='word_1_331' title='bbox 393 3232 467 3304; x_wconf 90' lang='lat' dir='ltr'>(p.</span> <span class='ocrx_word' id='word_1_332' title='bbox 504 3235 624 3304; x_wconf 85' lang='lat'>173,</span> <span class='ocrx_word' id='word_1_333' title='bbox 641 3234 879 3304; x_wconf 82' lang='lat'>4—175‚</span> <span class='ocrx_word' id='word_1_334' title='bbox 898 3235 967 3288; x_wconf 81' lang='grc'>28</span> <span class='ocrx_word' id='word_1_335' title='bbox 1004 3255 1068 3287; x_wconf 93' lang='lat' dir='ltr'>ex</span> <span class='ocrx_word' id='word_1_336' title='bbox 1106 3238 1291 3288; x_wconf 89' lang='lat' dir='ltr'>nostra</span> <span class='ocrx_word' id='word_1_337' title='bbox 1323 3234 1578 3307; x_wconf 86' lang='lat' dir='ltr'>editione)</span> <span class='ocrx_word' id='word_1_338' title='bbox 1622 3235 1926 3304; x_wconf 86' lang='lat' dir='ltr'>delegamus</span> <span class='ocrx_word' id='word_1_339' title='bbox 1959 3237 2012 3286; x_wconf 92' lang='lat' dir='ltr'>et</span> <span class='ocrx_word' id='word_1_340' title='bbox 2043 3233 2108 3284; x_wconf 89' lang='lat' dir='ltr'>ad</span> <span class='ocrx_word' id='word_1_341' title='bbox 2147 3232 2307 3284; x_wconf 89' lang='lat' dir='ltr'>ratio-</span> 
     </span>
     <span class='ocr_line' id='line_1_36' title="bbox 121 3321 2303 3392; baseline -0.002 -17"><span class='ocrx_word' id='word_1_342' title='bbox 121 3341 243 3376; x_wconf 91' lang='lat' dir='ltr'>nem</span> <span class='ocrx_word' id='word_1_343' title='bbox 281 3322 409 3375; x_wconf 89' lang='lat' dir='ltr'>libri</span> <span class='ocrx_word' id='word_1_344' title='bbox 439 3354 514 3361; x_wconf 90' lang='lat'>—</span> <span class='ocrx_word' id='word_1_345' title='bbox 544 3342 653 3377; x_wconf 89' lang='lat' dir='ltr'>non</span> <span class='ocrx_word' id='word_1_346' title='bbox 686 3342 811 3377; x_wconf 88' lang='lat' dir='ltr'>sane</span> <span class='ocrx_word' id='word_1_347' title='bbox 851 3323 1175 3377; x_wconf 85' lang='lat' dir='ltr'>litterarum!</span> <span class='ocrx_word' id='word_1_348' title='bbox 1207 3355 1281 3361; x_wconf 93' lang='grc'>--</span> <span class='ocrx_word' id='word_1_349' title='bbox 1314 3324 1509 3377; x_wconf 90' lang='lat' dir='ltr'>clarius</span> <span class='ocrx_word' id='word_1_350' title='bbox 1545 3323 2045 3392; x_wconf 88' lang='lat' dir='ltr'>repraesentandam</span> <span class='ocrx_word' id='word_1_351' title='bbox 2075 3321 2303 3389; x_wconf 89' lang='lat' dir='ltr'>primam</span> 
     </span>
     <span class='ocr_line' id='line_1_37' title="bbox 121 3410 1987 3482; baseline 0.001 -19"><span class='ocrx_word' id='word_1_352' title='bbox 121 3414 401 3464; x_wconf 89' lang='lat' dir='ltr'>contextus</span> <span class='ocrx_word' id='word_1_353' title='bbox 440 3413 691 3482; x_wconf 87' lang='lat' dir='ltr'>paginam</span> <span class='ocrx_word' id='word_1_354' title='bbox 730 3431 761 3465; x_wconf 91' lang='lat' dir='ltr'>a</span> <span class='ocrx_word' id='word_1_355' title='bbox 801 3410 1071 3467; x_wconf 89' lang='lat' dir='ltr'>Schoellio</span> <span class='ocrx_word' id='word_1_356' title='bbox 1113 3412 1434 3482; x_wconf 89' lang='lat' dir='ltr'>descriptam</span> <span class='ocrx_word' id='word_1_357' title='bbox 1474 3414 1620 3481; x_wconf 82' lang='lat' dir='ltr'>typis</span> <span class='ocrx_word' id='word_1_358' title='bbox 1661 3413 1987 3465; x_wconf 77' lang='lat' dir='ltr'>exhibemus</span> 
     </span>
    </p>
   </div>
   <div class='ocr_carea' id='block_1_3' title="bbox 123 3530 477 3538">
    <p class='ocr_par' dir='ltr' id='par_1_3' title="bbox 123 3530 477 3538">
     <span class='ocr_line' id='line_1_38' title="bbox 123 3530 477 3538; baseline 0 660"><span class='ocrx_word' id='word_1_359' title='bbox 123 3530 477 3538; x_wconf 95' lang='lat' dir='ltr'> </span> 
     </span>
    </p>
   </div>
   <div class='ocr_carea' id='block_1_4' title="bbox 123 3597 2307 3808">
    <p class='ocr_par' dir='ltr' id='par_1_4' title="bbox 123 3597 2307 3808">
     <span class='ocr_line' id='line_1_39' title="bbox 275 3597 2304 3659; baseline -0.004 -13"><span class='ocrx_word' id='word_1_360' title='bbox 275 3603 317 3659; x_wconf 91' lang='lat'>1)</span> <span class='ocrx_word' id='word_1_361' title='bbox 353 3607 451 3658; x_wconf 79' lang='lat'>122,</span> <span class='ocrx_word' id='word_1_362' title='bbox 470 3607 496 3647; x_wconf 87' lang='grc'><strong>3</strong></span> <span class='ocrx_word' id='word_1_363' title='bbox 520 3602 604 3647; x_wconf 92' lang='lat' dir='ltr'>ubi</span> <span class='ocrx_word' id='word_1_364' title='bbox 629 3617 755 3647; x_wconf 88' lang='lat' dir='ltr'>error</span> <span class='ocrx_word' id='word_1_365' title='bbox 780 3604 1052 3647; x_wconf 88' lang='lat' dir='ltr'>commissus</span> <span class='ocrx_word' id='word_1_366' title='bbox 1078 3605 1149 3647; x_wconf 90' lang='lat' dir='ltr'>est</span> <span class='ocrx_word' id='word_1_367' title='bbox 1173 3604 1221 3646; x_wconf 92' lang='lat' dir='ltr'>et</span> <span class='ocrx_word' id='word_1_368' title='bbox 1242 3603 1292 3646; x_wconf 91' lang='lat' dir='ltr'>in</span> <span class='ocrx_word' id='word_1_369' title='bbox 1318 3603 1424 3647; x_wconf 88' lang='lat' dir='ltr'>adn.</span> <span class='ocrx_word' id='word_1_370' title='bbox 1452 3604 1500 3647; x_wconf 91' lang='lat' dir='ltr'>et</span> <span class='ocrx_word' id='word_1_371' title='bbox 1523 3602 1571 3646; x_wconf 90' lang='lat' dir='ltr'>in</span> <span class='ocrx_word' id='word_1_372' title='bbox 1592 3600 1887 3659; x_wconf 86' lang='lat' dir='ltr'>Corrigendis</span> <span class='ocrx_word' id='word_1_373' title='bbox 1912 3600 2117 3653; x_wconf 81' lang='lat' dir='ltr'>notatus,</span> <span class='ocrx_word' id='word_1_374' title='bbox 2142 3597 2304 3639; x_wconf 89' lang='lat' dir='ltr'>Hiero-</span> 
     </span>
     <span class='ocr_line' id='line_1_40' title="bbox 125 3668 2307 3735; baseline -0.004 -16"><span class='ocrx_word' id='word_1_375' title='bbox 125 3689 293 3732; x_wconf 81' lang='lat' dir='ltr'>nymus</span> <span class='ocrx_word' id='word_1_376' title='bbox 324 3675 535 3722; x_wconf 88' lang='lat' dir='ltr'>Vitelli</span> <span class='ocrx_word' id='word_1_377' title='bbox 574 3677 752 3722; x_wconf 90' lang='lat' dir='ltr'>amicus</span> <span class='ocrx_word' id='word_1_378' title='bbox 791 3677 994 3735; x_wconf 88' lang='lat' dir='ltr'>benigne</span> <span class='ocrx_word' id='word_1_379' title='bbox 1026 3678 1080 3721; x_wconf 91' lang='lat' dir='ltr'>ut</span> <span class='ocrx_word' id='word_1_380' title='bbox 1112 3676 1231 3721; x_wconf 83' lang='lat' dir='ltr'>solet</span> <span class='ocrx_word' id='word_1_381' title='bbox 1263 3677 1414 3721; x_wconf 90' lang='lat' dir='ltr'>denuo</span> <span class='ocrx_word' id='word_1_382' title='bbox 1447 3677 1603 3720; x_wconf 91' lang='lat' dir='ltr'>locum</span> <span class='ocrx_word' id='word_1_383' title='bbox 1642 3676 1846 3731; x_wconf 81' lang='lat' dir='ltr'>inspexit</span> <span class='ocrx_word' id='word_1_384' title='bbox 1884 3674 2091 3727; x_wconf 88' lang='lat' dir='ltr'>itemque</span> <span class='ocrx_word' id='word_1_385' title='bbox 2123 3671 2179 3713; x_wconf 95' lang='lat' dir='ltr'>de</span> <span class='ocrx_word' id='word_1_386' title='bbox 2212 3668 2307 3712; x_wconf 88' lang='lat' dir='ltr'>alia</span> 
     </span>
     <span class='ocr_line' id='line_1_41' title="bbox 123 3749 753 3808; baseline 0.003 -15"><span class='ocrx_word' id='word_1_387' title='bbox 123 3761 173 3793; x_wconf 87' lang='lat' dir='ltr'>re</span> <span class='ocrx_word' id='word_1_388' title='bbox 206 3749 468 3794; x_wconf 83' lang='lat' dir='ltr'>sciscitanti</span> <span class='ocrx_word' id='word_1_389' title='bbox 498 3750 753 3808; x_wconf 85' lang='lat' dir='ltr'>respondit.</span> 
     </span>
    </p>
   </div>
  </div>
 </body>
</html>
