2600 4198
251 167 286 219 2
293 168 362 221 70
1106 168 1576 214 ADNOTATIONES

404 309 489 369 88,
519 310 602 357 21.
643 308 734 356 alii
763 303 923 372 <alii>
952 309 1137 357 Vahlen
1166 301 1326 357 Enn.2
1347 323 1401 369 p.
1428 309 1643 358 XXXV
1667 312 1751 359 vix
1780 311 1938 360 lenius
1967 313 2222 374 minusque
2252 317 2372 374 apte.

406 391 491 450 88,
518 392 585 437 22
605 404 672 450 sq.
723 388 904 450 Ayitur
942 391 1000 437 cle
1035 389 1253 438 Cosconii
1292 390 1415 438 libro
1446 392 1529 450 qui
1558 391 1656 450 fuit
1686 388 1764 439 ‘de
1793 389 2097 441 actionibus':
2139 396 2199 454 cf.
2231 394 2433 443 Norden

255 470 368 518 1ηά.
402 473 500 519 lect.
536 471 808 532 Gryphisw.
843 486 887 520 a.
925 471 1066 519 1895
1091 487 1144 531 p.
1179 471 1275 527 IV,
1311 472 1628 521 Reitzenstein
1650 488 1705 533 p.
1739 476 1833 530 41,
1865 474 2102 522 Funaioli
2123 490 2175 535 p.
2205 477 2324 523 109.

405 553 490 613 88,
517 554 583 600 23
602 568 669 612 sq.
714 552 789 613 Cf.
820 553 1134 613 Krumbieyel
1155 568 1207 613 p.
1236 554 1320 601 32.

403 634 488 694 89,
516 636 560 681 6.
606 634 678 694 Of.
706 634 869 694 Beryh
895 633 1068 693 Opusc.
1093 635 1131 680 I
1148 649 1199 694 p.
1226 636 1335 682 248
1367 638 1410 682 et
1431 635 1708 684 Mommsen
1733 633 1974 685 ‘Staatsr.'
2001 638 2037 684 I
2043 630 2063 662 ³
2084 652 2138 698 p.
2168 639 2237 685 93
2253 637 2366 687 adn.
2384 639 2434 685 3.

252 716 322 762 ΙΙ
351 709 407 763 1³
428 731 480 775 p.
516 717 625 764 362
656 715 769 764 adn.
803 742 875 748 —
906 731 1047 762 reum
1070 730 1166 775 pro
1199 731 1331 772 eum,
1364 717 1490 776 quod
1520 718 1646 763 inter
1675 719 1963 766 mutationes
1993 719 2138 766 huius
2170 720 2260 766 loci
2281 719 2435 778 plane

257 797 581 844 intolerabiles
610 798 753 845 habet
786 795 958 852 Canal,
990 798 1207 845 vindicat
1237 797 1501 846 Buecheler
1534 794 1745 846 ‘Umbr'
1770 814 1823 859 p.
1859 800 1930 846 90
1961 801 2044 859 (cf.
2078 799 2284 859 testim).

403 880 487 939 89,
517 881 598 926 12.
640 894 696 927 ac
721 894 832 926 cum
856 873 1051 943 mittas]
1078 879 1141 925 ad
1166 878 1391 927 comitiae
1409 881 1683 927 Mommsen
1701 879 1835 940 apud
1850 880 2128 928 Brunsium
2146 880 2432 930 dubitanter.

404 961 487 1021 89,
517 962 598 1007 14.
638 960 873 1020 Scaliyeri
899 962 1260 1019 explicationem
1274 962 1546 1020 scripturae
1563 961 1836 1009 (sessoribus
1860 963 2035 1010 iterum
2052 962 2257 1021 protulit
2276 961 2437 1010 Christ

252 1040 400 1089 Arch.
433 1042 506 1088 II
520 1056 573 1100 p.
612 1043 730 1090 622.

405 1124 489 1184 89,
519 1124 600 1170 16.
642 1139 833 1171 moeros
866 1139 974 1171 cum
1005 1123 1131 1184 vuly.
1159 1124 1433 1171 Buecheler.

403 1206 486 1265 90,
514 1206 543 1251 5
563 1220 629 1264 sq.
672 1205 873 1253 chorum
903 1205 1226 1266 Proserpinae
1258 1220 1366 1252 cum
1389 1205 1456 1253 ad
1488 1206 1785 1265 tragoediam
1808 1207 2078 1254 rettulerint
2100 1207 2203 1263 alii,
2228 1206 2438 1255 Ribbeck

252 1287 366 1333 dicit
398 1282 717 1346 ‘probabilius
742 1286 896 1333 videri
926 1287 1134 1346 intelleqi
1157 1287 1387 1346 hymnum
1410 1288 1462 1333 in
1488 1301 1651 1334 sacros
1675 1301 1796 1334 usus
1820 1283 2166 1347 compositum’:
2196 1290 2278 1335 vix
2300 1291 2434 1336 recte.

252 1368 409 1414 Immo
449 1370 503 1414 ut
538 1367 774 1415 Nereides
806 1369 1034 1415 dicuntur
1065 1367 1242 1415 chorus
1281 1367 1431 1415 Nerei
1466 1366 1636 1427 (Apul.
1671 1369 1795 1428 apol.
1823 1370 1890 1415 31
1917 1384 1969 1428 p.
1997 1370 2082 1425 38,
2111 1372 2139 1415 1
2159 1368 2328 1428 Helm)
2368 1370 2439 1418 sic

254 1449 429 1496 chorus
461 1448 786 1511 Proserpinae
820 1450 886 1497 ad
917 1448 1215 1496 Eumenides
1247 1450 1530 1509 referendus
1564 1451 1674 1504 erit,
1707 1453 1761 1496 ut
1790 1452 1995 1509 fortasse
2027 1451 2184 1498 Ennii
2215 1451 2439 1510 fabulam

264 1531 422 1578 Varro
452 1533 700 1591 significet.

410 1622 500 1680 90,
538 1622 618 1667 12.
695 1619 875 1668 Contra
923 1619 974 1668 Ο.
1019 1620 1315 1668 Muellerum
1366 1623 1425 1680 cf.
1483 1619 1532 1668 G.
1562 1620 1621 1668 F.
1663 1621 1737 1668 W.
1767 1621 1979 1668 Mueller
2024 1617 2270 1669 ‘Zeitschiz
2314 1623 2349 1682 f.
2393 1622 2438 1669 d.

258 1698 626 1763 Gymnasialw.’
662 1702 802 1749 XIX
832 1702 899 1761 (a.
939 1701 1104 1761 1865)
1129 1718 1181 1761 p.
1210 1703 1330 1749 869.

409 1792 493 1852 90,
523 1793 604 1838 14.
660 1792 738 1839 De
779 1791 1020 1854 inlegium
1064 1793 1224 1851 forma
1269 1791 1484 1851 quadam
1528 1792 1702 1850 coyitat
1731 1791 1867 1846 Mue,
1898 1804 1998 1838 non
2027 1793 2159 1838 recte.
2215 1789 2440 1838 inlicium

253 1869 400 1936 <cum
433 1868 495 1936 e>
527 1875 763 1935 seriptum
801 1877 842 1919 et
884 1887 995 1920 mox
1039 1874 1158 1934 quia
1177 1865 1243 1938 (l)
1287 1887 1398 1920 cum
1432 1872 1471 1918 E
1509 1868 1604 1935 <Ι>
1637 1874 1686 1918 et
1720 1869 1755 1917 G
1789 1887 1899 1920 cum
1934 1870 1975 1919 G
2014 1887 2248 1934 magnam
2291 1871 2443 1919 habet

255 1955 661 2002 communitatem
694 1955 826 2002 Ellis
859 1956 886 2002 l.
920 1969 955 2002 s.
989 1968 1027 2003 s,
1054 1970 1105 2014 p.
1140 1956 1245 2001 361
1281 1947 1416 2019 (cum
1448 1954 1518 2001 EI
1549 1953 1648 2002 cod.
1682 1953 1835 2001 Barb.
1870 1953 2006 2013 apud
2036 1946 2438 2019 Antonibonum).

406 2046 489 2100 90,
517 2046 582 2092 19
602 2059 698 2104 sqq.
744 2044 816 2104 Cf.
855 2045 1131 2091 Wilmanns
1152 2059 1204 2104 p.
1243 2045 1308 2090 64
1343 2042 1457 2090 adn.
1490 2045 1540 2091 2.

406 2128 490 2186 91,
519 2129 543 2172 1
566 2140 632 2186 sq.
673 2129 932 2188 praeterea
962 2121 1237 2189 <depsere>
1270 2141 1299 2173 a
1330 2124 1567 2188 ὃεψῆσαι;
1600 2124 1661 2171 ab
1696 2140 1753 2172 eo
1788 2125 1914 2186 quod
1951 2126 2025 2172 est
2058 2123 2319 2187 μαλάσσειν
2351 2139 2441 2173 nos

255 2208 519 2278 malaxare,
563 2210 620 2255 ut
661 2207 998 2271 gargarissare
1043 2207 1104 2254 ab
1149 2204 1654 2272 ἀναγαργαρίσασθαι,
1699 2208 1872 2268 potare
1918 2222 1947 2253 a
1978 2205 2277 2254 ποτίσασθαι
2308 2206 2441 2254 Ellis

256 2292 283 2337 l.
310 2304 346 2337 8.
371 2304 409 2337 s.
435 2290 772 2353 gargarissare
796 2304 889 2349 per
913 2291 1224 2348 compositum
1255 2286 1729 2353 ἀναγαργαρίζεσθαι
1761 2302 1792 2335 a
1820 2288 2039 2336 Varrone
2068 2287 2310 2335 redditum
2342 2302 2443 2336 esse

255 2386 562 2431 nequaquam
594 2373 876 2431 praefracte
917 2370 1195 2431 neyandum
1228 2386 1346 2423 ,cum
1378 2368 1438 2416 A.
1456 2368 1564 2430 Sp:
1605 2385 1723 2417 nam
1763 2369 1966 2428 simplex
2007 2370 2204 2417 verbum
2235 2384 2292 2417 ea
2331 2371 2441 2429 ipsa

254 2454 604 2513 siyn·ificatione
648 2453 875 2501 adhibent
903 2452 1092 2509 Latini,
1133 2453 1306 2500 medici
1337 2453 1561 2507 maxime,
1605 2466 1699 2510 qua
1724 2452 2135 2511 praepositionem
2167 2450 2444 2511 adiunywnt

259 2534 435 2583 Gracci
465 2536 733 2594 scriptores.
781 2534 880 2582 Pro
912 2534 1125 2596 adesipeg
1156 2534 1283 2594 quod
1313 2533 1577 2581 Buecheler
1609 2534 1742 2591 apud
1772 2532 2093 2581 Funaiolium
2114 2533 2348 2592 proponit
2377 2531 2440 2581 ab

256 2614 357 2664 ἐστί
387 2619 475 2671 est,
507 2618 561 2664 id
590 2618 673 2664 ὐἱοῦ
703 2618 757 2664 in
786 2618 959 2664 seriem
989 2616 1245 2664 verborum
1278 2614 1526 2676 quadrare
1548 2618 1797 2674 putamus,

407 2707 491 2766 91,
518 2707 564 2753 4.
606 2704 948 2771 στραγγαλίσαι
979 2709 1022 2754 et
1052 2704 1337 2770 στραγγαλίς
1361 2704 1661 2752 Buttmann:
1690 2704 1775 2750 ubi
1806 2702 2060 2768 στράγγειν
2087 2706 2128 2750 et
2159 2702 2441 2768 στραγγίδες

262 2787 435 2836 Ganal.

411 2870 494 2930 92,
524 2873 586 2917 11
608 2883 675 2931 sq.
720 2868 793 2929 Cf.
826 2869 1062 2917 Heidrich
1084 2884 1138 2929 p.
1176 2868 1257 2916 55.

409 2953 492 3010 92,
522 2952 603 3000 16.
650 2951 728 2998 De
758 2953 1004 3011 scriptura
1043 2950 1218 2999 codicis
1254 2964 1314 2998 ne
1356 2949 1514 2997 Vitelli
1545 2949 1737 3007 quidem
1776 2948 1911 3007 apud
1940 2946 2003 2996 A.
2021 2947 2102 3008 Sp.
2131 2949 2290 3007 praef.
2323 2948 2438 2996 adn.

202 3026 205 3027 ⁷
258 3034 319 3080 ab
352 3034 482 3080 omni
506 3035 652 3092 parte
682 3036 803 3080 recte
833 3032 1040 3089 rettulit,·
1071 3032 1129 3079 de
1159 3030 1487 3079 emendatione
1518 3031 1577 3089 cf.
1609 3025 1956 3090 Reifferscheid
1978 3027 2127 3077 Anal.
2154 3029 2275 3076 Hor.
2300 3043 2351 3088 p.
2384 3029 2439 3076 5.-

257 3129 551 3174 quamquam
582 3114 739 3161 lenius
770 3112 1088 3175 Epimenides
1121 3106 1441 3176 <s>0por<e>
1472 3111 1686 3170 corriyas
1717 3104 1912 3176 (somno
1940 3110 2094 3167 Turn,
2126 3126 2264 3158 meus
2281 3110 2440 3159 Lach-

257 3210 411 3243 mann
444 3197 586 3243 etiam
618 3197 672 3242 in
704 3197 836 3255 epist.
869 3196 934 3242 ad
964 3194 1229 3242 Lehrsium
1251 3208 1305 3253 p.
1338 3192 1448 3241 256
1481 3193 1550 3241 ed.
1583 3185 1859 3258 Ludwich).

410 3286 494 3345 93,
522 3287 566 3332 5.
613 3284 685 3344 Cf.
719 3284 928 3344 Madvig]
959 3282 1084 3332 Adv.
1119 3283 1188 3330 II
1213 3297 1259 3343 p.
1290 3283 1417 3330 172.

409 3368 493 3428 93,
522 3369 566 3414 6.
612 3365 685 3427 Cf.
719 3366 884 3414 Havet
914 3360 1050 3413 ‘Rcu
1083 3365 1127 3412 d.
1152 3359 1341 3424 philol’
1368 3363 1457 3411 IV
1483 3362 1677 3422 (1881)
1700 3378 1752 3422 p.
1786 3364 1905 3411 188.

412 3450 497 3509 93,
526 3450 570 3495 7.
610 3446 720 3495 An:
749 3447 911 3495 multa
941 3449 1086 3495 tanta
1102 3447 1126 3494 ‚9
1169 3445 1242 3507 Of.
1270 3460 1393 3506 quae
1418 3444 1690 3504 (duodecim
1720 3446 1822 3503 fere
1853 3446 2000 3492 annis
2022 3447 2136 3505 post
2156 3443 2443 3492 Schoellium

260 3531 324 3578 ad
348 3531 512 3579 Plaut.
542 3531 677 3577 Men.
710 3529 838 3582 680)
872 3531 1193 3589 exposuerunt
1216 3528 1386 3576 Havet
1417 3529 1459 3574 et
1479 3525 1582 3574 Leo
1605 3526 1659 3574 in
1686 3526 1957 3586 Woelfflini
1980 3523 2126 3573 Arch.
2145 3524 2236 3573 XI
2243 3539 2296 3586 p.
2319 3523 2440 3573 579.

261 3612 384 3659 XII
398 3627 452 3671 p.
487 3613 557 3659 99
573 3625 640 3672 sq.
675 3610 740 3671 (v.
776 3613 819 3658 et
850 3605 1210 3659 ‘Wochenschn
1242 3611 1278 3670 f.
1311 3609 1455 3657 klass.
1487 3603 1635 3655 Phil.'
1669 3621 1715 3656 a.
1752 3609 1894 3655 1900
1918 3622 1973 3668 p.
2008 3605 2238 3666 Mosa).
2439 3627 2445 3634 ⁴·

411 3701 496 3761 93,
522 3701 568 3748 8.
621 3698 864 3748 contineri
904 3698 1120 3748 Grauert
1148 3696 1298 3746 Anal.
1322 3712 1376 3758 p.
1413 3698 1509 3755 68,·
1551 3696 1685 3744 elata
1721 3695 1796 3744 vel
1833 3698 1954 3744 nata
1983 3694 2090 3756 Sp„
2129 3695 2214 3742 ubi
2244 3694 2334 3742 IX
2366 3694 2446 3743 86*

260 3784 458 3832 contulit
487 3781 550 3831 A.
565 3782 649 3843 Sp.
658 3799 677 3841 ;
706 3783 868 3831 inlata
898 3781 1030 3829 Ellis
1061 3782 1090 3828 l.
1121 3794 1159 3828 s.
1183 3795 1220 3829 s.
1252 3795 1298 3840 p.
1325 3780 1447 3826 361.

2543 0 2600 352 ¹
