2600 4198
1002 146 1475 192 ADNOTATIONES
2220 151 2325 204 267

148 285 220 334 II
227 301 280 347 p.
304 286 386 335 58.
425 287 542 335 Post
570 286 691 335 dicit
721 287 871 348 vulq„
904 291 1016 336 ante
1038 287 1160 336 dicit
1183 288 1347 348 Beryto
1372 287 1544 348 Opusc.
1569 289 1639 335 II
1654 304 1707 349 p.
1735 292 1767 336 7
1773 289 1858 346 35,
1889 293 2000 338 ante
2030 306 2146 338 nam
2177 307 2330 339 manu

146 366 262 416 Scal
308 368 538 417 lacunam
575 370 940 428 indicaverunt;
984 385 1052 418 an
1098 370 1212 418 latet
1256 370 1373 417 hino
1412 371 1462 418 et
1502 372 1750 419 consortes
1789 373 1843 418 in
1882 371 2002 419 dicit
2041 374 2290 421 consortes
2308 374 2332 420 ‚9

299 450 385 512 80,
414 452 497 500 12.
551 450 624 510 Cf.
658 452 934 500 Mommsen
967 447 1295 500 ‘Staatsrecht’
1328 452 1402 499 II
1429 445 1484 499 13
1504 467 1558 512 p.
1603 453 1710 500 688
1740 452 1854 500 adn.
1897 448 2053 519 (quod
2083 456 2143 500 ut
2173 470 2217 516 p.
2252 471 2332 510 m.,

148 531 236 579 ubi
267 531 398 593 quod
429 548 477 593 p.
509 528 637 596 <ut>
668 533 935 581 mittantur
967 526 1157 599 Groth).

299 613 384 674 81,
411 615 456 661 6.
496 616 831 662 murmurator
861 615 1086 663 Hauthal
1117 616 1184 663 ad
1213 616 1344 663 Pers.
1370 630 1423 675 p.
1456 617 1587 664 270.
1622 642 1691 648 -—
1729 615 1801 675 Of.
1839 617 2023 665 Vahlen
2057 616 2227 677 Opusc.
2260 632 2330 665 ac.

148 693 219 740 II
234 708 288 754 p.
321 693 447 751 253,
478 696 562 754 qui
593 698 780 744 tutatur
810 697 989 744 leviter
1020 689 1225 763 (leniter
1257 698 1400 745 etiam
1431 696 1530 745 cod.
1562 712 1591 744 v
1624 696 1920 745 Antoniboni
1941 713 1995 758 p.
2033 695 2140 765 82).

298 776 383 836 81,
410 778 455 824 9.
497 776 686 825 sonitus
720 777 853 838 (cum
884 794 930 835 a,
961 782 1016 826 ut
1036 778 1158 838 vid.)
1184 778 1261 826 del
1286 777 1539 839 Woelfflin
1556 776 1702 827 Arch.
1730 779 1875 827 VIII
1891 795 1945 839 p.
1974 782 2106 828 432:
2138 784 2188 828 at
2217 782 2334 828 haec

146 857 256 917 ipsa
286 871 379 905 vox
409 859 690 907 testimoniis
719 860 950 918 firmatur
980 852 1204 926 (crepare
1235 875 1408 907 sonare
1443 862 1486 908 et
1513 852 1644 925 sim.)
1678 862 1879 920 ipsaque
1902 862 2050 909 verba
2082 866 2181 909 tam
2205 864 2334 909 vocis

145 939 391 987 humanae
434 941 723 988 animalisve
764 955 912 1003 quam
958 942 1145 989 sonitus
1186 956 1350 990 rerum
1393 942 1701 1002 descriptioni
1742 944 1971 990 serviunt.
2016 970 2089 975 -—
2137 944 2334 1004 Corriqe

152 1019 441 1069 CXXXIV
458 1021 519 1069 R.

300 1112 384 1172 81,
414 1111 494 1159 18.
540 1110 614 1172 Of.
646 1113 958 1173 Krumbieqel
979 1127 1032 1173 p.
1066 1114 1139 1161 23
1172 1114 1285 1161 adn.

299 1193 383 1252 82,
415 1196 459 1240 1.
504 1192 578 1254 Of.
610 1194 797 1242 Koehm
831 1190 1018 1243 ‘Altlat
1051 1191 1208 1243 Stud.'
1243 1194 1437 1254 (1905)
1461 1210 1514 1254 p.
1549 1196 1634 1242 38.

298 1274 383 1335 82,
411 1276 438 1322 1
458 1288 555 1335 sqq.
607 1275 681 1335 Of.
719 1275 900 1337 Varqes
932 1277 1066 1324 Mus.
1099 1277 1250 1325 Rhen.
1276 1276 1381 1323 III
1403 1292 1455 1337 Ρ.
1486 1275 1557 1324 56
1597 1276 1824 1336 (quocum
1861 1278 1980 1337 facit
2014 1278 2136 1325 Mue
2169 1279 2332 1337 praef.

146 1355 283 1403 Festi
309 1371 362 1416 p.
390 1356 577 1405 XLIV
606 1359 810 1418 itemque
846 1357 1026 1418 Canal)
1061 1362 1105 1406 et
1126 1359 1446 1406 Reitzenstein
1467 1373 1521 1418 p.
1550 1360 1634 1414 39,
1663 1362 1691 1405 1
1728 1357 1807 1419 (de
1841 1359 1978 1406 cuius
2008 1359 2166 1406 verbis
2197 1360 2334 1407 dubi-

147 1437 332 1498 tamus)
368 1441 410 1486 et
450 1438 635 1486 Vahlen
656 1441 823 1499 praef.
849 1433 1007 1488 Enn.²
1028 1455 1081 1500 p.
1110 1440 1397 1488 XXXVII.
1448 1440 1605 1488 Verba
1638 1456 1750 1488 oum
1785 1478 1793 1486 .
1829 1479 1838 1488 .
1873 1478 1882 1487 .
1915 1441 2175 1488 voluntate
2208 1441 2333 1489 dicta

146 1523 263 1567 sunt
292 1523 347 1566 ut
375 1534 487 1577 mox
529 1535 640 1567 oum
674 1520 746 1568 ait
795 1522 954 1569 satius
989 1537 1091 1570 esse
1126 1535 1222 1581 pro
1257 1522 1545 1570 Terentiano
1577 1522 1669 1570 hoo
1712 1523 1982 1584 patriumst
2023 1524 2189 1584 potius
2223 1538 2334 1571 oon-

148 1601 401 1649 suefacere
432 1601 604 1652 filium.

301 1692 386 1752 82,
414 1693 442 1739 6
463 1707 532 1753 sq.
577 1691 741 1740 Locus
771 1693 1133 1752 interpolatione
1165 1693 1387 1740 turbatus
1418 1692 1608 1740 videtur
1634 1693 1917 1753 qlossemate
1960 1694 2174 1755 spondet
2206 1695 2337 1741 enim

150 1773 238 1835 qui
269 1772 391 1821 dicit
423 1788 452 1820 a
485 1789 575 1822 sua
607 1775 782 1836 sponte
815 1774 1031 1835 spondeo
1063 1776 1320 1835 adscriptO,
1350 1778 1407 1822 ut
1437 1778 1559 1822 recte
1590 1777 1867 1834 suspicatur
1893 1776 2170 1823 Wumames
2192 1791 2244 1835 p.
2265 1777 2337 1823 42

148 1857 437 1903 assentiente
469 1856 702 1903 Brunsio,

303 1937 388 1997 82,
418 1938 500 1984 13.
553 1936 626 1996 Cf.
652 1938 928 1985 Mommsen
959 1938 1094 1997 apud
1118 1938 1395 1985 Brimsium
1426 1938 1497 1984 II
1513 1953 1567 1998 p.
1598 1938 1665 1986 59
1699 1931 1876 2004 (quom
1897 1953 1993 1998 pro
2027 1954 2125 2000 quo
2160 1932 2337 2004 [qui]).

300 2019 385 2079 82,
414 2019 496 2067 15.
541 2017 615 2079 Of.
641 2019 954 2080 Krumbieyel
975 2034 1028 2079 p.
1059 2021 1126 2067 91
1154 2013 1275 2080 (non
1301 2021 1432 2066 enim
1457 2019 1671 2080 volebat,
1705 2019 1788 2067 sed
1816 2012 1912 2085 (vel
1936 2015 2001 2084 si)
2029 2019 2182 2067 dabat
2207 2020 2339 2082 quod

148 2115 332 2163 sponsu
365 2103 473 2148 erat
505 2094 792 2167 alligatus).·
831 2104 884 2148 at
919 2102 1044 2149 nihil
1075 2101 1344 2150 desiderari
1383 2115 1651 2157 censemuS,
1683 2116 1790 2149 cum
1822 2103 1888 2149 ad
1919 2103 2232 2150 cottidianum
2265 2102 2338 2150 di-

148 2183 287 2231 cendi
314 2196 468 2242 qenus
500 2182 696 2231 accedat
729 2183 900 2231 Varr0.

301 2272 386 2333 82,
415 2272 498 2321 16.
538 2273 594 2318 ut
626 2273 703 2320 del
732 2272 861 2321 Laet
890 2275 1174 2320 assentiente
1205 2272 1391 2320 Koehm
1424 2274 1452 2320 l.
1485 2287 1522 2321 s.
1554 2288 1592 2320 s.
1616 2288 1670 2333 p.
1698 2274 1782 2320 40.
1811 2275 1879 2319 44
1915 2271 2037 2333 (nisi
2067 2273 2148 2320 vel
2172 2274 2339 2332 potius

150 2349 423 2418 corriqas);
453 2354 581 2401 idem
613 2354 673 2413 cf.
707 2353 765 2401 de
785 2356 1029 2413 promimis
1051 2370 1104 2414 Ρ.
1140 2354 1295 2414 45sq.

301 2437 385 2496 82,
415 2435 480 2482 18
499 2449 566 2494 sq.
611 2434 684 2495 Of.
717 2436 952 2483 Heidrich
974 2451 1027 2496 Ρ.
1065 2436 1146 2484 57.

301 2518 385 2578 83,
413 2517 459 2564 5.
506 2512 854 2580 <de>spondeo
887 2518 1070 2565 Koehm
1103 2519 1130 2564 l.
1164 2532 1201 2565 s.
1233 2532 1269 2565 s,
1296 2533 1348 2578 Ρ.
1384 2520 1456 2566 47
1487 2518 1648 2567 delens
1687 2519 1834 2566 verba
1868 2520 1909 2566 si
1950 2517 2148 2566 iocandi
2190 2533 2338 2565 causa

150 2597 278 2646 dixit
310 2598 514 2658 neqlecto
547 2598 858 2659 Diqestorum
890 2599 987 2647 loco
1017 2601 1279 2647 notissima

302 2680 386 2740 83,
416 2681 460 2727 7.
501 2683 550 2727 te
575 2680 814 2741 spondere
831 2680 1138 2737 Lachmann,
1162 2683 1246 2729 ubi
1269 2683 1320 2729 te
1346 2681 1646 2744 despondere
1672 2682 1886 2742 defendit
1900 2681 2135 2730 Deiatzko
2152 2680 2336 2729 Annal.

141 2761 314 2824 philol.
349 2776 392 2810 a.
430 2763 537 2809 187
544 2764 575 2809 6
596 2777 650 2821 Ρ.
684 2763 808 2818 238,
851 2763 980 2811 unde
1013 2763 1117 2810 alia
1158 2765 1213 2810 in
1245 2764 1446 2812 editione
1478 2764 1583 2810 III
1607 2764 1868 2824 temptabat
1898 2764 2106 2812 Ribbeck
2139 2766 2341 2823 propter

149 2856 357 2898 versum,
392 2858 531 2903 quem
564 2844 677 2891 bene
708 2845 908 2892 creticus
940 2843 1053 2891 olim
1084 2846 1417 2904 respondentis
1449 2845 1673 2894 claudere
1703 2847 1886 2905 potu-it,
1916 2845 2047 2893 velut
2078 2829 2294 2906 Optume
2330 2840 2334 2909 Ι

149 2919 368 2973 Memini.

301 3014 385 3075 83,
414 3016 460 3062 9.
504 3012 578 3075 Of.
604 3014 789 3062 Ritschl
824 3013 996 3075 Opusc.
1021 3016 1127 3065 III
1143 3031 1195 3075 p.
1218 3017 1350 3071 190‚·
1383 3017 1695 3078 Krwmbieqel
1718 3033 1771 3077 p.
1795 3018 1891 3075 62,·
1921 3016 2157 3064 Heidrich
2181 3032 2232 3075 p.
2257 3016 2337 3064 57.

303 3096 389 3156 83,
417 3097 499 3143 11.
542 3095 680 3156 Quod
713 3096 898 3144 Vahlen
929 3090 1085 3144 Εηη.2
1109 3099 1272 3158 praef.
1298 3113 1350 3158 Ρ.
1386 3098 1602 3147 XXXV
1629 3100 1866 3147 librorum
1896 3100 2191 3157 scripturam
2220 3112 2341 3146 sane

150 3177 331 3224 miram
353 3178 424 3225 sic
453 3178 820 3237 interpretatur:
851 3177 1070 3226 Astraba
1097 3171 1353 3245 (Plautine
1379 3195 1436 3228 ea
1450 3173 1520 3247 2),
1551 3181 1667 3229 haec
1691 3181 1883 3241 quidem
1908 3195 1964 3228 ex
1994 3180 2121 3240 falso
2151 3179 2340 3228 Grothii

142 3259 416 3315 ,testimonio
447 3260 686 3319 saqaciter
711 3261 974 3319 excoqitata
1002 3263 1144 3319 swnt,·
1175 3263 1335 3308 tamen
1364 3262 1618 3310 haeremus
1642 3276 1751 3309 cum
1780 3265 1834 3310 in
1864 3261 2122 3310 insolentia
2150 3261 2339 3309 dicendi

143 3343 254 3389 ‚tum
279 3342 330 3388 in
356 3354 421 3397 ec,
444 3340 573 3401 quod
595 3340 751 3389 Varro
774 3341 885 3390 VII
902 3343 970 3389 66
988 3342 1188 3390 candem
1210 3343 1435 3403 fabulam
1450 3344 1735 3391 Plautinum
1751 3345 1876 3391 inter
1889 3343 2149 3391 Plautinas
2166 3342 2337 3390 attulit.

303 3430 388 3490 83,
419 3431 499 3477 12.
537 3430 616 3477 De
637 3429 962 3492 Polybadisoe
993 3432 1156 3491 forma
1177 3446 1420 3492 perquam
1445 3432 1597 3480 dubia
1628 3434 1688 3492 ef.
1713 3433 1776 3480 K.
1793 3433 1853 3480 F.
1870 3431 2099 3487 Schmidt,
2125 3432 2340 3479 Hermae

148 3511 240 3559 vol.
262 3511 544 3559 XXXVII
562 3510 756 3571 (1902)
772 3527 827 3572 Ρ.
846 3513 954 3560 389
970 3526 1038 3571 sq.
1069 3505 1295 3579 (sequere
1330 3513 1536 3560 adsecue
1561 3508 1780 3577 <int>ro‚
1804 3512 2063 3570 Libadisce
2087 3506 2336 3578 scribens).

305 3593 391 3654 83,
418 3594 514 3640 13.ν
551 3593 693 3641 Nihil
735 3597 932 3653 eqerwnt
969 3592 1130 3642 Ganal
1172 3592 1540 3642 et'Antonibon:
1581 3595 1666 3641 ubi
1708 3595 1767 3642 de
1814 3591 1952 3642 ‘novo
1994 3590 2165 3654 nupto’
2199 3596 2340 3654 atque

146 3669 378 3722 1‘Oasino’
413 3675 495 3736 aqi
524 3675 716 3723 videtur
745 3674 975 3723 Schoellio
1004 3678 1208 3736 propter
1236 3677 1498 3736 sequentia.

304 3763 391 3824 83,
419 3763 570 3823 lo-sq.
615 3762 691 3824 cf.
716 3763 980 3813 Buecheler
1009 3765 1145 3812 Mus.
1169 3764 1322 3812 Rheae.
1348 3764 1469 3811 LII
1484 3778 1539 3824 p.
1572 3729 1695 3812 398.
