2600 4198
208 145 316 197 296
1055 142 1529 188 ADNOTATIONES

206 287 262 332 ut
299 299 356 332 ex
388 283 720 345 Tyrannionis
751 283 874 331 libro
894 287 1009 343 post
1038 298 1083 332 a.
1116 285 1190 331 46
1221 283 1433 332 adhibito
1455 285 1594 343 patet
1612 286 1727 344 post
1755 285 1902 332 libros
1932 285 1991 333 de
2020 285 2050 333 l.
2083 285 2114 333 l.
2146 286 2294 335 libros
2323 286 2386 337 de

207 379 423 413 sermone
461 365 612 412 latino
644 364 793 412 editos
826 378 935 412 esse.
991 365 1104 413 Etsi
1146 364 1468 413 Ciceroniana
1506 365 1783 414 adhibuisse
1819 362 1897 414 his
1936 367 2076 415 libris
2115 367 2383 416 Varronem

208 446 406 495 aliunde
436 460 535 493 non
565 448 760 493 constat.

357 535 478 595 203,
507 535 574 582 10
590 548 688 594 sqq.
731 533 805 593 Cf.
831 533 1095 582 Buecheler
1116 535 1252 582 Mus.
1278 534 1431 583 Rhen.
1448 534 1565 582 -XL
1577 535 1659 583 VI
1672 550 1724 595 p.
1754 535 1873 583 159.
1918 535 2136 585 Ceterum
2164 536 2270 585 ideo
2301 538 2390 586 hoc

206 617 534 675 fraymentum
576 617 790 674 sequenti
821 617 1221 676 praeposuimuS,
1266 617 1569 664 contrarium
1612 617 1830 664 ordinem
1872 631 1980 664 cum
2024 617 2302 666 Wilmanns
2344 620 2388 666 et

205 696 444 744 Fwnaioli
476 696 787 752 exhibuerint,
820 697 937 757 quia
969 700 1011 745 et
1031 698 1283 758 praecedit
1312 697 1446 757 apud
1473 696 1685 745 Gellium
1717 701 1759 745 et
1779 712 1878 745 non
1899 699 2062 746 minus
2086 714 2232 758 quam
2255 703 2388 747 amte-

207 776 375 826 cedens
406 779 579 837 spectet
609 777 676 826 ad
710 777 952 826 Graecam
982 778 1310 839 Latinamque
1350 793 1509 827 vocem
1539 777 1613 826 vel
1654 781 1866 839 formam
1906 781 2032 828 inter
2063 793 2113 827 se
2143 782 2388 840 conferen-

206 860 337 914 dam,
369 873 478 907 cum
509 872 711 918 sequens
741 858 1036 907 Latinorum
1077 862 1289 919 formam
1320 861 1572 920 antiquam
1602 862 1778 908 recenti
1809 864 2029 921 opponat.
2082 860 2389 922 Quamquam

206 942 260 988 in
301 943 441 988 tanta
474 942 724 1000 paucitate
764 942 1146 1001 fragmentorum
1186 941 1399 989 indicato
1443 942 1563 989 libro
1594 944 1896 990 servatorum
1925 956 2024 989 non
2054 943 2262 989 nimium
2300 943 2389 990 tali

208 1023 404 1077 rationi,
436 1025 491 1069 ut
510 1037 613 1082 par
645 1024 724 1077 est,
758 1023 1029 1070 tribuimus.

358 1111 480 1171 204,
507 1113 552 1158 7.
592 1110 709 1159 Nisi
740 1111 798 1159 de
827 1113 949 1172 ipsis
980 1113 1183 1159 vestium
1214 1112 1490 1160 nominibus
1513 1113 1661 1160 verba
1692 1114 1811 1172 facit
1845 1113 2016 1168 Varr0,
2038 1112 2200 1172 potuit
2220 1112 2295 1160 his
2318 1112 2393 1160 uti

209 1194 263 1240 in
294 1194 651 1252 comparatione
683 1192 760 1252 (ut
782 1193 840 1240 de
870 1193 899 1239 l.
926 1194 956 1239 l.
975 1193 1029 1240 X
1049 1194 1123 1241 27
1153 1192 1326 1240 stolam
1356 1193 1638 1241 muliebrem
1670 1193 1897 1253 adhibet),
1932 1207 1967 1240 e.
1995 1208 2040 1254 9.
2067 1194 2124 1240 de
2156 1195 2389 1254 epicoeno.

357 1281 480 1341 204,
509 1282 651 1341 9sqq.
698 1280 807 1329 Hoc
838 1283 1164 1341 fracmentum
1189 1295 1245 1329 ex
1274 1281 1396 1329 libro
1430 1281 1477 1329 V
1503 1283 1561 1329 de
1584 1296 1620 1329 s.
1648 1277 1678 1329 l.
1712 1280 2015 1341 desumptum
2055 1296 2167 1337 esse,
2211 1283 2255 1329 si
2292 1296 2391 1329 non

210 1365 404 1418 certum,
436 1364 488 1410 at
517 1364 619 1422 fere
649 1365 828 1410 certum
860 1365 928 1411 est
958 1363 1014 1410 ob
1045 1363 1413 1411 similitudinem
1445 1377 1554 1410 cum
1583 1365 1798 1423 sequenti
1827 1363 2203 1411 intercedentem.

359 1443 480 1505 205,
509 1445 592 1491 17.
632 1443 910 1505 praecisum
941 1459 1095 1507 genus
1129 1443 1192 1490 ad
1218 1445 1524 1492 Reuvensius
1556 1445 1725 1492 collect.
1752 1445 1889 1492 litter.
1914 1459 1968 1504 p.
1997 1445 2118 1500 132,
2151 1458 2241 1503 quo
2274 1445 2393 1494 duce

209 1524 431 1588 praecise
468 1519 730 1590 [gener]ad
761 1526 1000 1573 Funaioli
1032 1540 1087 1574 ex
1119 1527 1390 1574 coniectura
1413 1526 1724 1575 Buecheleri:
1755 1528 1836 1586 qui
1867 1528 1988 1574 recte
2017 1526 2171 1574 haesit
2200 1527 2255 1574 in
2285 1540 2393 1574 con-

206 1608 383 1654 iunctis
405 1607 562 1655 verbis
595 1621 651 1654 ex
674 1607 873 1667 vulyata
903 1607 1124 1668 praecise
1155 1609 1359 1669 generat
1390 1607 1700 1655 affectionem
1711 1625 1729 1666 ,·
1758 1607 1842 1655 sed
1870 1622 2021 1667 neque
2043 1611 2164 1656 recte
2189 1610 2395 1671 generat

210 1689 492 1750 exquisitius
523 1690 832 1736 commutavit
861 1691 914 1737 in
943 1689 1147 1749 simplex
1179 1689 1243 1736 ad
1267 1688 1416 1750 (quod
1441 1691 1755 1748 artificiosius
1787 1690 2046 1749 explicetur
2071 1704 2127 1737 ex
2151 1682 2395 1755 gener(is)

204 1769 583 1830 praeoccupato)
607 1784 759 1831 neque
788 1774 911 1819 recte
940 1772 1164 1832 praecise
1190 1770 1253 1819 ad
1276 1771 1557 1833 passionem
1579 1772 1785 1831 iungens
1815 1772 2017 1831 infregit
2038 1773 2136 1818 vim
2161 1771 2393 1826 adverbii,

208 1852 335 1912 quod
365 1852 409 1899 h.
434 1852 465 1899 l.
498 1851 715 1900 dubitari
745 1853 908 1913 nequit
939 1854 1057 1913 quin
1089 1853 1254 1901 eadem
1284 1854 1333 1900 vi
1367 1853 1546 1900 dictum
1576 1854 1640 1900 sit
1669 1866 1766 1911 qua
1796 1853 2010 1912 fiyuram
2040 1852 2282 1913 praecisio
2316 1851 2393 1899 de-

208 1935 319 1992 finit
350 1929 580 1981 ‘incertus
611 1929 797 1981 auctor'
832 1935 898 1982 ad
928 1934 1235 1981 Herennium
1264 1934 1356 1982 IV
1385 1936 1455 1981 30
1488 1927 1752 2000 (praecisio
1787 1936 1862 1981 est
1893 1950 2004 1981 cum
2036 1933 2180 1981 dietis
2213 1933 2397 1995 quibus

207 2014 421 2076 reliqum
461 2014 594 2076 quod
634 2017 866 2077 coeptum
905 2018 980 2063 est
1018 2015 1115 2062 diei
1153 2015 1456 2077 relinquitur
1487 2007 1824 2081 incohatum).·
1854 2016 1984 2063 unde
2014 2015 2234 2076 praecise
2267 2008 2394 2081 (scil.

217 2090 366 2162 dixit)
399 2098 715 2153 seiunximus,
749 2111 858 2145 eum
887 2098 1131 2159 praecisio
1163 2099 1369 2160 generat
1398 2097 1775 2145 Lindemannus
1805 2097 2000 2145 dederit.

364 2185 485 2247 205,
512 2187 581 2233 24
599 2200 667 2245 sq.
719 2186 942 2234 adfectus
975 2201 1072 2246 pro
1115 2185 1339 2234 adfectae
1382 2186 1685 2234 Wilmanns:
1727 2188 1779 2233 at
1821 2185 2044 2233 adfectae
2085 2186 2187 2233 scil.
2222 2181 2399 2234 ‘oratio

211 2263 312 2322 est’,
353 2282 460 2314 cum
500 2271 643 2315 antea
683 2271 725 2315 et
754 2271 926 2327 postea
966 2267 1188 2314 adfectus
1223 2269 1469 2328 yenetivus
1507 2269 1569 2314 sit
1608 2282 1716 2315 cum
1756 2269 1915 2315 eodem
1952 2267 2290 2327 supplemento.
2323 2293 2394 2299 —

212 2348 566 2409 Fraymentum
590 2348 718 2408 quod
731 2351 1015 2409 proximum
1040 2348 1158 2409 (82)
1186 2352 1253 2396 est
1275 2350 1410 2409 apud
1445 2350 1828 2398 Wilmannsium
1853 2351 1896 2396 et
1918 2350 2050 2409 apud
2074 2348 2399 2397 Fimaiolium

211 2430 362 2478 eidem
386 2430 506 2478 libro
531 2431 762 2478 tribuitur
786 2429 920 2491 (47),
948 2432 1209 2479 omisimus.
1249 2430 1385 2478 Nam
1408 2446 1517 2478 cum
1541 2431 1676 2491 apud
1699 2431 1951 2478 Donatum
1974 2430 2027 2477 in
2044 2430 2176 2477 Eun.
2193 2430 2282 2478 IV
2296 2431 2344 2486 3,
2363 2431 2399 2477 7

210 2512 422 2572 legatur:
452 2508 717 2577 ἀρχαισμός
750 2514 825 2560 est
854 2512 1016 2575 figura
1043 2509 1264 2560 ‘absente
1288 2508 1448 2560 nobis'
1475 2527 1564 2573 pro
1590 2511 1874 2560 absentibus
1899 2511 2053 2559 nobiS.
2094 2510 2397 2573 Pomponius

211 2593 263 2640 in
295 2593 564 2655 Ergastulo
598 2593 695 2653 (47
718 2593 804 2654 R.)
840 2591 1116 2657 ‘praesente
1164 2593 1335 2641 amieis
1377 2595 1509 2641 inter
1540 2609 1712 2642 cenam
1744 2593 1789 2641 d.
1822 2589 1885 2641 o.'
1919 2593 2109 2640 Varro
2152 2594 2211 2640 in
2242 2592 2397 2639 Mar-

211 2675 364 2723 cello
410 2671 487 2721 ‘id
533 2678 791 2737 praesente
831 2675 1011 2740 legatis
1044 2676 1274 2724 omnibus
1318 2676 1534 2724 exercitu
1575 2675 1869 2737 pronuntiat
1882 2670 1912 2739 ⁹,
1953 2675 2031 2723 illi
2076 2674 2256 2734 aliique
2288 2688 2397 2722 cum

211 2757 469 2804 Ritschelio
494 2770 650 2817 opusc.
677 2757 780 2804 III
797 2773 851 2818 p.
878 2760 988 2805 407
1012 2757 1075 2805 ad
1099 2757 1389 2806 Marcellum
1421 2760 1729 2805 correxerunt
1760 2760 1803 2804 et
1833 2756 1898 2804 ad
1929 2756 2076 2804 libros
2100 2757 2158 2803 de
2180 2769 2399 2804 sermone

213 2840 362 2886 latino
409 2841 673 2887 traxerunt.
733 2838 870 2900 Quod
906 2839 1199 2899 improbavit
1236 2838 1419 2887 Schoell
1458 2840 1591 2899 apud
1626 2839 1936 2887 Wessnerum
1973 2851 2171 2885 monens
2208 2835 2399 2897 loyisto-

211 2920 369 2968 ricum
389 2922 557 2980 potius
586 2920 801 2969 indicari
831 2921 989 2969 verbis
1019 2921 1071 2967 in
1095 2919 1346 2969 Marcello.
1386 2921 1553 2980 Neque
1576 2921 1628 2967 id
1650 2919 1964 2979 redaryuitur
1986 2945 2060 2952 —-
2083 2921 2138 2965 ut
2159 2917 2400 2966 Fwnaioli

214 3001 453 3049 contendit
481 3027 554 3034 —
585 3002 684 3051 loco
716 3002 800 3050 illo
830 3002 1096 3057 Bitschelii,
1129 3003 1213 3061 qui
1250 3002 1378 3061 falso
1411 3016 1467 3049 ex
1497 3001 1692 3049 Donato
1735 3000 1786 3048 in
1818 3000 2129 3048 Marcellum
2173 3000 2398 3047 exhibens

214 3084 378 3143 aryuit
400 3082 602 3130 eundem
628 3097 727 3131 esse
751 3097 960 3131 errorem
983 3085 1125 3143 atque
1147 3084 1201 3130 in
1223 3082 1471 3130 Neronem
1491 3096 1588 3142 pro
1614 3081 1677 3130 ad
1699 3082 1948 3130 Neronem
1975 3081 2083 3129 GL.
2110 3081 2155 3128 V
2171 3080 2291 3137 590,
2307 3081 2396 3128 26.

225 3163 318 3212 Vbi
362 3165 721 3224 comparandas
756 3166 924 3224 potius
963 3178 1062 3213 esse
1106 3165 1443 3224 inscriptiones
1481 3162 1609 3212 velut
1638 3163 1798 3210 Varro
1839 3163 1891 3210 in
1925 3156 2112 3211 Caleno
2153 3161 2307 3222 (Serv.
2340 3163 2395 3210 in

215 3242 379 3306 Aen),
409 3245 570 3293 Varro
602 3246 655 3292 in
678 3245 956 3301 Fundanio,
988 3245 1041 3293 in
1063 3245 1337 3302 Laterensi,
1367 3245 1419 3292 in
1443 3246 1652 3307 Nepote,
1683 3245 1735 3292 in
1761 3244 1944 3293 Scauro
1972 3242 2158 3305 (Clean,
2184 3242 2273 3304 al.)
2296 3256 2397 3291 non

215 3327 353 3374 modo
396 3328 612 3375 codicum
652 3329 886 3375 memoria
926 3327 1125 3383 indicat,
1167 3342 1336 3376 verum
1368 3329 1511 3375 etiam
1549 3329 1768 3387 ipsorum
1797 3327 2052 3374 verborum
2081 3327 2233 3373 ratio:
2273 3337 2400 3385 quae

227 3408 385 3457 Varro
426 3410 530 3469 ipse
571 3410 626 3457 in
668 3409 937 3472 loyiswrico
978 3409 1126 3469 facile
1167 3408 1391 3457 adhibere
1423 3410 1606 3469 potuit,
1647 3410 1702 3456 in
1745 3409 1847 3456 illis
1877 3421 1988 3455 vero
2030 3407 2169 3455 libris
2207 3408 2397 3455 tcmtmn

217 3491 395 3552 afferre
426 3505 482 3539 ex
513 3491 610 3538 alio
641 3492 872 3551 scriptore
882 3507 900 3549 ‚·
927 3490 1058 3538 unde
1082 3491 1238 3538 errori
1268 3489 1584 3538 librariorum
1607 3489 1861 3538 addendus
1887 3491 2004 3537 esset
2031 3489 2186 3549 ipsius
2210 3487 2401 3535 Donati

216 3572 290 3619 vel
311 3572 480 3631 potius
513 3573 614 3620 eius
645 3574 856 3620 auctoris
888 3586 1024 3620 error
1053 3573 1107 3620 in
1136 3572 1294 3619 verbis
1327 3571 1592 3620 excitandis
1628 3596 1689 3604 —
1725 3572 1829 3619 sine
1859 3570 1966 3618 ulla
1995 3569 2282 3617 necessitate.

368 3660 492 3722 205,
517 3663 601 3709 27.
646 3660 720 3721 Cf.
754 3661 1019 3710 Buecheler
1047 3661 1185 3709 Mus.
1216 3659 1371 3708 Rhen.
1402 3659 1509 3708 LX
1525 3674 1579 3720 p.
1613 3661 1736 3708 317.

370 3749 492 3811 206,
519 3751 566 3798 2.
620 3749 688 3797 In
726 3751 991 3798 testimonio
1027 3749 1240 3799 Charisii
1279 3742 1612 3813 dic<endum>
1642 3748 1791 3810 putat
1819 3761 1916 3808 pro
1957 3746 2026 3795 sic
2063 3746 2246 3809 putant
2283 3744 2401 3793 Keil

2577 3629 2600 3818 ἑ

2583 3826 2600 3903 :⁵
